<?xml version="1.0" encoding="UTF-8"?>
<integ:root xmlns:integ="http://integrator">
   <integ:BIB_ID id="3000001" self="true">
      <marc:record xmlns:marc="http://www.loc.gov/MARC21/slim">
         <marc:controlfield tag="001">3000001</marc:controlfield>
         <marc:controlfield tag="005">20060426095000.0</marc:controlfield>
         <marc:controlfield tag="008">010216s2000    couabc   b    001 0 eng  </marc:controlfield>
         <marc:datafield tag="010" ind1=" " ind2=" ">
            <marc:subfield code="a">   00131941 </marc:subfield>
         </marc:datafield>
         <marc:datafield tag="020" ind1=" " ind2=" ">
            <marc:subfield code="a">0916537110</marc:subfield>
         </marc:datafield>
         <marc:datafield tag="020" ind1=" " ind2=" ">
            <marc:subfield code="a">0916537129 (pbk.)</marc:subfield>
         </marc:datafield>
         <marc:datafield tag="035" ind1=" " ind2=" ">
            <marc:subfield code="a">(CStRLIN)CTYAFNP8472-B</marc:subfield>
         </marc:datafield>
         <marc:datafield tag="040" ind1=" " ind2=" ">
            <marc:subfield code="a">MoSR</marc:subfield>
            <marc:subfield code="d">MoSR</marc:subfield>
         </marc:datafield>
         <marc:datafield tag="043" ind1=" " ind2=" ">
            <marc:subfield code="a">n-us-co</marc:subfield>
            <marc:subfield code="a">n-us-ut</marc:subfield>
         </marc:datafield>
         <marc:datafield tag="050" ind1=" " ind2="4">
            <marc:subfield code="a">E99.U8</marc:subfield>
            <marc:subfield code="b">U84 2000</marc:subfield>
         </marc:datafield>
         <marc:datafield tag="245" ind1="0" ind2="0">
            <marc:subfield code="a">Ute Indian arts &amp; culture :</marc:subfield>
            <marc:subfield code="b">from prehistory to the new millennium /</marc:subfield>
            <marc:subfield code="c">edited by William Wroth.</marc:subfield>
         </marc:datafield>
         <marc:datafield tag="246" ind1="3" ind2=" ">
            <marc:subfield code="a">Ute Indian arts and culture</marc:subfield>
         </marc:datafield>
         <marc:datafield tag="260" ind1=" " ind2=" ">
            <marc:subfield code="a">Colorado Springs, Colo. :</marc:subfield>
            <marc:subfield code="b">Taylor Museum of the Colorado Springs Fine Art Center,</marc:subfield>
            <marc:subfield code="c">c2000.</marc:subfield>
         </marc:datafield>
         <marc:datafield tag="300" ind1=" " ind2=" ">
            <marc:subfield code="a">viii, 248 p. :</marc:subfield>
            <marc:subfield code="b">ill. (some col.), map, ports. ;</marc:subfield>
            <marc:subfield code="c">27 cm.</marc:subfield>
         </marc:datafield>
         <marc:datafield tag="500" ind1=" " ind2=" ">
            <marc:subfield code="a">Catalog of an exhibition held at the Taylor Museum, Colorado Springs Fine Art Center, July 21-Dec. 31, 2001; the Anasazi Heritage Center, Apr. 1-Sep. 30, 2001; the Autry Museum of Western Heritage, Oct. 30, 2001-Jan. 27, 2002 and the Buffalo Bill Historical Center, Spring-Summer 2002.</marc:subfield>
         </marc:datafield>
         <marc:datafield tag="504" ind1=" " ind2=" ">
            <marc:subfield code="a">Includes bibliographical references and index.</marc:subfield>
         </marc:datafield>
         <marc:datafield tag="650" ind1=" " ind2="0">
            <marc:subfield code="a">Ute Indians</marc:subfield>
            <marc:subfield code="x">Art</marc:subfield>
            <marc:subfield code="v">Exhibitions.</marc:subfield>
         </marc:datafield>
         <marc:datafield tag="650" ind1=" " ind2="0">
            <marc:subfield code="a">Ute Indians</marc:subfield>
            <marc:subfield code="x">Material culture</marc:subfield>
            <marc:subfield code="v">Exhibitions.</marc:subfield>
         </marc:datafield>
         <marc:datafield tag="650" ind1=" " ind2="0">
            <marc:subfield code="a">Ute Indians</marc:subfield>
            <marc:subfield code="x">History.</marc:subfield>
         </marc:datafield>
         <marc:datafield tag="650" ind1=" " ind2="0">
            <marc:subfield code="a">Ute Indians</marc:subfield>
            <marc:subfield code="x">Social life and customs.</marc:subfield>
         </marc:datafield>
         <marc:datafield tag="700" ind1="1" ind2=" ">
            <marc:subfield code="a">Wroth, William,</marc:subfield>
            <marc:subfield code="d">1938-</marc:subfield>
         </marc:datafield>
         <marc:datafield tag="710" ind1="2" ind2=" ">
            <marc:subfield code="a">Taylor Museum.</marc:subfield>
         </marc:datafield>
         <marc:datafield tag="710" ind1="2" ind2=" ">
            <marc:subfield code="a">Colorado Springs Fine Arts Center.</marc:subfield>
         </marc:datafield>
         <marc:datafield tag="710" ind1="2" ind2=" ">
            <marc:subfield code="a">Anasazi Heritage Center (U.S.)</marc:subfield>
         </marc:datafield>
         <marc:datafield tag="710" ind1="2" ind2=" ">
            <marc:subfield code="a">Autry Museum of Western Heritage.</marc:subfield>
         </marc:datafield>
         <marc:datafield tag="710" ind1="2" ind2=" ">
            <marc:subfield code="a">Buffalo Bill Historical Center.</marc:subfield>
         </marc:datafield>
      </marc:record>