
   </integ:BIB_ID>
   <integ:BIB_ID id="3000006" self="true">
      <marc:record xmlns:marc="http://www.loc.gov/MARC21/slim">
         <marc:controlfield tag="001">3000006</marc:controlfield>
         <marc:controlfield tag="005">20071127095748.0</marc:controlfield>
         <marc:controlfield tag="008">010201s2001    qucab    b   f000 0 eng d</marc:controlfield>
         <marc:datafield tag="035" ind1=" " ind2=" ">
            <marc:subfield code="a">(OCoLC)ocm46627210</marc:subfield>
         </marc:datafield>
         <marc:datafield tag="040" ind1=" " ind2=" ">
            <marc:subfield code="a">CaOODP</marc:subfield>
            <marc:subfield code="b">eng</marc:subfield>
            <marc:subfield code="c">NLC</marc:subfield>
            <marc:subfield code="d">PU</marc:subfield>
         </marc:datafield>
         <marc:datafield tag="016" ind1=" " ind2=" ">
            <marc:subfield code="a">20019800002</marc:subfield>
         </marc:datafield>
         <marc:datafield tag="020" ind1=" " ind2=" ">
            <marc:subfield code="a">0660178419</marc:subfield>
         </marc:datafield>
         <marc:datafield tag="041" ind1="0" ind2=" ">
            <marc:subfield code="a">eng</marc:subfield>
            <marc:subfield code="b">engfre</marc:subfield>
         </marc:datafield>
         <marc:datafield tag="043" ind1=" " ind2=" ">
            <marc:subfield code="a">n-cn---</marc:subfield>
         </marc:datafield>
         <marc:datafield tag="050" ind1=" " ind2="4">
            <marc:subfield code="a">E99.A86</marc:subfield>
            <marc:subfield code="b">T486 2001</marc:subfield>
         </marc:datafield>
         <marc:datafield tag="082" ind1="0" ind2=" ">
            <marc:subfield code="a">391/.0089/97</marc:subfield>
            <marc:subfield code="2">21</marc:subfield>
         </marc:datafield>
         <marc:datafield tag="049" ind1=" " ind2=" ">
            <marc:subfield code="a">PAUU</marc:subfield>
         </marc:datafield>
         <marc:datafield tag="100" ind1="1" ind2=" ">
            <marc:subfield code="a">Thompson, Judy,</marc:subfield>
            <marc:subfield code="d">1946-</marc:subfield>
         </marc:datafield>
         <marc:datafield tag="245" ind1="1" ind2="0">
            <marc:subfield code="a">Fascinating challenges :</marc:subfield>
            <marc:subfield code="b">studying material culture with Dorothy Burnham /</marc:subfield>
            <marc:subfield code="c">Judy Thompson, Judy Hall and Leslie Tepper, in collaboration with Dorothy K. Burnham.</marc:subfield>
         </marc:datafield>
         <marc:datafield tag="260" ind1=" " ind2=" ">
            <marc:subfield code="a">Hull, Quebec :</marc:subfield>
            <marc:subfield code="b">Canadian Museum of Civilization,</marc:subfield>
            <marc:subfield code="c">c2001.</marc:subfield>
         </marc:datafield>
         <marc:datafield tag="300" ind1=" " ind2=" ">
            <marc:subfield code="a">xvi, 268 p. :</marc:subfield>
            <marc:subfield code="b">ill., map ;</marc:subfield>
            <marc:subfield code="c">24 cm.</marc:subfield>
         </marc:datafield>
         <marc:datafield tag="440" ind1=" " ind2="0">
            <marc:subfield code="a">Mercury series,</marc:subfield>
            <marc:subfield code="x">0316-1854</marc:subfield>
         </marc:datafield>
         <marc:datafield tag="490" ind1="1" ind2=" ">
            <marc:subfield code="a">Paper/Canadian Ethnology Service,</marc:subfield>
            <marc:subfield code="x">0316-1862 ;</marc:subfield>
            <marc:subfield code="v">136</marc:subfield>
         </marc:datafield>
         <marc:datafield tag="546" ind1=" " ind2=" ">
            <marc:subfield code="a">Abstracts in English and French.</marc:subfield>
         </marc:datafield>
         <marc:datafield tag="504" ind1=" " ind2=" ">
            <marc:subfield code="a">Includes bibliographical references.</marc:subfield>
         </marc:datafield>
         <marc:datafield tag="650" ind1=" " ind2="0">
            <marc:subfield code="a">Athapascan Indians</marc:subfield>
            <marc:subfield code="x">Clothing.</marc:subfield>
         </marc:datafield>
         <marc:datafield tag="650" ind1=" " ind2="0">
            <marc:subfield code="a">Native peoples</marc:subfield>
            <marc:subfield code="x">Clothing</marc:subfield>
            <marc:subfield code="z">Canada.</marc:subfield>
         </marc:datafield>
         <marc:datafield tag="700" ind1="1" ind2=" ">
            <marc:subfield code="a">Burnham, Dorothy K.</marc:subfield>
         </marc:datafield>
         <marc:datafield tag="700" ind1="1" ind2=" ">
            <marc:subfield code="a">Tepper, Leslie Heyman,</marc:subfield>
            <marc:subfield code="d">1947-</marc:subfield>
         </marc:datafield>
         <marc:datafield tag="700" ind1="1" ind2=" ">
            <marc:subfield code="a">Hall, Judy,</marc:subfield>
            <marc:subfield code="d">1946-</marc:subfield>
         </marc:datafield>
         <marc:datafield tag="711" ind1="2" ind2=" ">
            <marc:subfield code="a">Canadian Ethnology Service.</marc:subfield>
         </marc:datafield>
         <marc:datafield tag="711" ind1="2" ind2=" ">
            <marc:subfield code="a">Canadian Museum of Civilization.</marc:subfield>
         </marc:datafield>
         <marc:datafield tag="830" ind1=" " ind2="0">
            <marc:subfield code="a">Paper (Canadian Ethnology Service) ;</marc:subfield>
            <marc:subfield code="v">136.</marc:subfield>
         </marc:datafield>
         <marc:datafield tag="994" ind1=" " ind2=" ">
            <marc:subfield code="a">E0</marc:subfield>
            <marc:subfield code="b">PAU</marc:subfield>
         </marc:datafield>
      </marc:record>