
   </integ:BIB_ID>
   <integ:BIB_ID id="3000013" self="true">
      <marc:record xmlns:marc="http://www.loc.gov/MARC21/slim">
         <marc:controlfield tag="001">3000013</marc:controlfield>
         <marc:controlfield tag="005">20070227115532.0</marc:controlfield>
         <marc:controlfield tag="008">860324s1985    okua          001 0 eng |</marc:controlfield>
         <marc:datafield tag="020" ind1=" " ind2=" ">
            <marc:subfield code="a">0806119373</marc:subfield>
         </marc:datafield>
         <marc:datafield tag="035" ind1=" " ind2=" ">
            <marc:subfield code="a">(CStRLIN)GAEG30936346-B</marc:subfield>
         </marc:datafield>
         <marc:datafield tag="040" ind1=" " ind2=" ">
            <marc:subfield code="a">OKE</marc:subfield>
            <marc:subfield code="c">OKE</marc:subfield>
            <marc:subfield code="d">EMU</marc:subfield>
            <marc:subfield code="d">PU</marc:subfield>
         </marc:datafield>
         <marc:datafield tag="100" ind1="1" ind2=" ">
            <marc:subfield code="a">Pharr, Clyde,</marc:subfield>
            <marc:subfield code="d">1883-1972.</marc:subfield>
         </marc:datafield>
         <marc:datafield tag="245" ind1="1" ind2="0">
            <marc:subfield code="a">Homeric Greek :</marc:subfield>
            <marc:subfield code="b">a book for beginners /</marc:subfield>
            <marc:subfield code="c">by Clyde Pharr.</marc:subfield>
         </marc:datafield>
         <marc:datafield tag="250" ind1=" " ind2=" ">
            <marc:subfield code="a">Rev. ed. / by John Wright.</marc:subfield>
         </marc:datafield>
         <marc:datafield tag="260" ind1=" " ind2=" ">
            <marc:subfield code="a">Norman, Okla. :</marc:subfield>
            <marc:subfield code="b">University of Oklahoma Press,</marc:subfield>
            <marc:subfield code="c">c1985.</marc:subfield>
         </marc:datafield>
         <marc:datafield tag="300" ind1=" " ind2=" ">
            <marc:subfield code="a">lii, 361 p. :</marc:subfield>
            <marc:subfield code="b">ill. ;</marc:subfield>
            <marc:subfield code="c">20 cm.</marc:subfield>
         </marc:datafield>
         <marc:datafield tag="600" ind1="0" ind2="0">
            <marc:subfield code="a">Homer</marc:subfield>
            <marc:subfield code="x">Language</marc:subfield>
            <marc:subfield code="x">Grammar.</marc:subfield>
         </marc:datafield>
         <marc:datafield tag="650" ind1=" " ind2="0">
            <marc:subfield code="a">Greek language</marc:subfield>
            <marc:subfield code="x">Grammar</marc:subfield>
            <marc:subfield code="y">1950-</marc:subfield>
         </marc:datafield>
         <marc:datafield tag="700" ind1="1" ind2="0">
            <marc:subfield code="a">Wright, John Henry,</marc:subfield>
            <marc:subfield code="d">1941-</marc:subfield>
         </marc:datafield>
         <marc:datafield tag="998" ind1=" " ind2=" ">
            <marc:subfield code="s">9665</marc:subfield>
         </marc:datafield>
         <marc:datafield tag="950" ind1=" " ind2=" ">
            <marc:subfield code="b">PA4179 .P53 1985</marc:subfield>
         </marc:datafield>
      </marc:record>