
   </integ:BIB_ID>
   <integ:BIB_ID id="3000022" self="true">
      <marc:record xmlns:marc="http://www.loc.gov/MARC21/slim">
         <marc:controlfield tag="001">3000022</marc:controlfield>
         <marc:controlfield tag="005">20071127095752.0</marc:controlfield>
         <marc:controlfield tag="008">780927r19781931nyua          000 0 eng  </marc:controlfield>
         <marc:datafield tag="010" ind1=" " ind2=" ">
            <marc:subfield code="a">77092481</marc:subfield>
         </marc:datafield>
         <marc:datafield tag="035" ind1=" " ind2=" ">
            <marc:subfield code="a">(OCoLC)ocm04271441</marc:subfield>
         </marc:datafield>
         <marc:datafield tag="040" ind1=" " ind2=" ">
            <marc:subfield code="a">DLC</marc:subfield>
            <marc:subfield code="c">DLC</marc:subfield>
         </marc:datafield>
         <marc:datafield tag="020" ind1=" " ind2=" ">
            <marc:subfield code="a">0486236188 :</marc:subfield>
            <marc:subfield code="c">$3.50 ($4.25 Can.)</marc:subfield>
         </marc:datafield>
         <marc:datafield tag="050" ind1="0" ind2="0">
            <marc:subfield code="a">F1435.3.P6</marc:subfield>
            <marc:subfield code="b">G38 1978</marc:subfield>
         </marc:datafield>
         <marc:datafield tag="082" ind1="0" ind2="0">
            <marc:subfield code="a">497/.4</marc:subfield>
         </marc:datafield>
         <marc:datafield tag="049" ind1=" " ind2=" ">
            <marc:subfield code="a">PAUU</marc:subfield>
         </marc:datafield>
         <marc:datafield tag="100" ind1="1" ind2=" ">
            <marc:subfield code="a">Gates, William,</marc:subfield>
            <marc:subfield code="d">1863-1940</marc:subfield>
         </marc:datafield>
         <marc:datafield tag="245" ind1="1" ind2="3">
            <marc:subfield code="a">An outline dictionary of Maya glyphs, with a concordance and analysis of their relationships :</marc:subfield>
            <marc:subfield code="b">with the author's "Glyph studies" reprinted from the Maya Society quarterly /</marc:subfield>
            <marc:subfield code="c">by William Gates.</marc:subfield>
         </marc:datafield>
         <marc:datafield tag="260" ind1=" " ind2=" ">
            <marc:subfield code="a">New York :</marc:subfield>
            <marc:subfield code="b">Dover Publications,</marc:subfield>
            <marc:subfield code="c">1978.</marc:subfield>
         </marc:datafield>
         <marc:datafield tag="300" ind1=" " ind2=" ">
            <marc:subfield code="a">xii, 204 p. :</marc:subfield>
            <marc:subfield code="b">ill. ;</marc:subfield>
            <marc:subfield code="c">22 cm.</marc:subfield>
         </marc:datafield>
         <marc:datafield tag="500" ind1=" " ind2=" ">
            <marc:subfield code="a">Reprint of the 1931 ed. published by Johns Hopkins Press, Baltimore.</marc:subfield>
         </marc:datafield>
         <marc:datafield tag="650" ind1=" " ind2="0">
            <marc:subfield code="a">Mayan languages</marc:subfield>
            <marc:subfield code="x">Writing.</marc:subfield>
         </marc:datafield>
         <marc:datafield tag="650" ind1=" " ind2="0">
            <marc:subfield code="a">Maya language.</marc:subfield>
         </marc:datafield>
         <marc:datafield tag="994" ind1=" " ind2=" ">
            <marc:subfield code="a">E0</marc:subfield>
            <marc:subfield code="b">PAU</marc:subfield>
         </marc:datafield>
      </marc:record>