
   </integ:BIB_ID>
   <integ:BIB_ID id="3000024" self="true">
      <marc:record xmlns:marc="http://www.loc.gov/MARC21/slim">
         <marc:controlfield tag="001">3000024</marc:controlfield>
         <marc:controlfield tag="005">20071127095758.0</marc:controlfield>
         <marc:controlfield tag="008">930723r19931927nyua          000 0 eng d</marc:controlfield>
         <marc:datafield tag="035" ind1=" " ind2=" ">
            <marc:subfield code="a">(OCoLC)ocm28493271</marc:subfield>
         </marc:datafield>
         <marc:datafield tag="040" ind1=" " ind2=" ">
            <marc:subfield code="a">IQU</marc:subfield>
            <marc:subfield code="c">IQU</marc:subfield>
            <marc:subfield code="d">NYP</marc:subfield>
         </marc:datafield>
         <marc:datafield tag="020" ind1=" " ind2=" ">
            <marc:subfield code="a">0870521020 :</marc:subfield>
            <marc:subfield code="c">$16.95</marc:subfield>
         </marc:datafield>
         <marc:datafield tag="050" ind1="1" ind2="4">
            <marc:subfield code="a">PJ1135</marc:subfield>
            <marc:subfield code="b">.M4 1993</marc:subfield>
         </marc:datafield>
         <marc:datafield tag="049" ind1=" " ind2=" ">
            <marc:subfield code="a">PAUU</marc:subfield>
         </marc:datafield>
         <marc:datafield tag="100" ind1="1" ind2=" ">
            <marc:subfield code="a">Mercer, Samuel A. B.</marc:subfield>
            <marc:subfield code="q">(Samuel Alfred Browne),</marc:subfield>
            <marc:subfield code="d">b. 1880.</marc:subfield>
         </marc:datafield>
         <marc:datafield tag="240" ind1="1" ind2="0">
            <marc:subfield code="a">Egyptian grammar, with chrestomathy and glossary</marc:subfield>
         </marc:datafield>
         <marc:datafield tag="245" ind1="1" ind2="4">
            <marc:subfield code="a">The handbook of Egyptian hieroglyphs :</marc:subfield>
            <marc:subfield code="b">a study of the ancient language /</marc:subfield>
            <marc:subfield code="c">Samuel A.B. Mercer.</marc:subfield>
         </marc:datafield>
         <marc:datafield tag="250" ind1=" " ind2=" ">
            <marc:subfield code="a">Hippocrene pbk. ed.</marc:subfield>
         </marc:datafield>
         <marc:datafield tag="260" ind1=" " ind2=" ">
            <marc:subfield code="a">New York :</marc:subfield>
            <marc:subfield code="b">Hippocrene Books,</marc:subfield>
            <marc:subfield code="c">1993.</marc:subfield>
         </marc:datafield>
         <marc:datafield tag="300" ind1=" " ind2=" ">
            <marc:subfield code="a">vi, 184 p. :</marc:subfield>
            <marc:subfield code="b">ill. ;</marc:subfield>
            <marc:subfield code="c">22 cm.</marc:subfield>
         </marc:datafield>
         <marc:datafield tag="500" ind1=" " ind2=" ">
            <marc:subfield code="a">Originally published: Egyptian grammar, with chrestomathy and glossary. London : Luzac, 1927, in series: The Oriental research series.</marc:subfield>
         </marc:datafield>
         <marc:datafield tag="650" ind1=" " ind2="0">
            <marc:subfield code="a">Egyptian language</marc:subfield>
            <marc:subfield code="x">Grammar.</marc:subfield>
         </marc:datafield>
         <marc:datafield tag="650" ind1=" " ind2="0">
            <marc:subfield code="a">Egyptian language</marc:subfield>
            <marc:subfield code="x">Readers.</marc:subfield>
         </marc:datafield>
         <marc:datafield tag="650" ind1=" " ind2="0">
            <marc:subfield code="a">Egyptian language</marc:subfield>
            <marc:subfield code="x">Writing, Hieroglyphic.</marc:subfield>
         </marc:datafield>
         <marc:datafield tag="740" ind1="0" ind2=" ">
            <marc:subfield code="a">Egyptian hieroglyphs.</marc:subfield>
         </marc:datafield>
         <marc:datafield tag="994" ind1=" " ind2=" ">
            <marc:subfield code="a">E0</marc:subfield>
            <marc:subfield code="b">PAU</marc:subfield>
         </marc:datafield>
      </marc:record>