
   </integ:BIB_ID>
   <integ:BIB_ID id="3000025" self="true">
      <marc:record xmlns:marc="http://www.loc.gov/MARC21/slim">
         <marc:controlfield tag="001">3000025</marc:controlfield>
         <marc:controlfield tag="005">20071127095759.0</marc:controlfield>
         <marc:controlfield tag="008">840713q19001984sp ab         000 0 spa d</marc:controlfield>
         <marc:datafield tag="035" ind1=" " ind2=" ">
            <marc:subfield code="a">(OCoLC)ocm10947520</marc:subfield>
         </marc:datafield>
         <marc:datafield tag="040" ind1=" " ind2=" ">
            <marc:subfield code="a">TXX</marc:subfield>
            <marc:subfield code="c">TXX</marc:subfield>
            <marc:subfield code="d">PU</marc:subfield>
         </marc:datafield>
         <marc:datafield tag="041" ind1="0" ind2=" ">
            <marc:subfield code="a">spaeng</marc:subfield>
         </marc:datafield>
         <marc:datafield tag="050" ind1=" " ind2="4">
            <marc:subfield code="a">F1376</marc:subfield>
            <marc:subfield code="b">.M555 1960</marc:subfield>
         </marc:datafield>
         <marc:datafield tag="092" ind1=" " ind2=" ">
            <marc:subfield code="a">972.65</marc:subfield>
            <marc:subfield code="b">M543m</marc:subfield>
         </marc:datafield>
         <marc:datafield tag="049" ind1=" " ind2=" ">
            <marc:subfield code="a">PAUU</marc:subfield>
         </marc:datafield>
         <marc:datafield tag="245" ind1="0" ind2="0">
            <marc:subfield code="a">Merida, Chichen-Itza,</marc:subfield>
            <marc:subfield code="b">uxmal y dzibilchaltun.</marc:subfield>
         </marc:datafield>
         <marc:datafield tag="260" ind1=" " ind2=" ">
            <marc:subfield code="a">Merida :</marc:subfield>
            <marc:subfield code="b">La literaria,</marc:subfield>
            <marc:subfield code="c">s.d. [ca. 1960]</marc:subfield>
         </marc:datafield>
         <marc:datafield tag="300" ind1=" " ind2=" ">
            <marc:subfield code="a">32 p. :</marc:subfield>
            <marc:subfield code="b">col. ill, maps ;</marc:subfield>
            <marc:subfield code="c">23 cm.</marc:subfield>
         </marc:datafield>
         <marc:datafield tag="546" ind1=" " ind2=" ">
            <marc:subfield code="a">Spanish and English.</marc:subfield>
         </marc:datafield>
         <marc:datafield tag="651" ind1=" " ind2="0">
            <marc:subfield code="a">Yucatán (Mexico : State)</marc:subfield>
            <marc:subfield code="x">Description and travel.</marc:subfield>
         </marc:datafield>
         <marc:datafield tag="994" ind1=" " ind2=" ">
            <marc:subfield code="a">E0</marc:subfield>
            <marc:subfield code="b">PAU</marc:subfield>
         </marc:datafield>
      </marc:record>