
   </integ:BIB_ID>
   <integ:BIB_ID id="3000030" self="true">
      <marc:record xmlns:marc="http://www.loc.gov/MARC21/slim">
         <marc:controlfield tag="001">3000030</marc:controlfield>
         <marc:controlfield tag="005">20110413210349.0</marc:controlfield>
         <marc:controlfield tag="008">010524s1624    it c          000 0bita d</marc:controlfield>
         <marc:datafield tag="035" ind1=" " ind2=" ">
            <marc:subfield code="a">(PUVoyagerBIBID)3000030</marc:subfield>
         </marc:datafield>
         <marc:datafield tag="040" ind1=" " ind2=" ">
            <marc:subfield code="a">PU</marc:subfield>
            <marc:subfield code="c">PU</marc:subfield>
            <marc:subfield code="e">dcrb</marc:subfield>
         </marc:datafield>
         <marc:datafield tag="043" ind1=" " ind2=" ">
            <marc:subfield code="a">e-sp---</marc:subfield>
         </marc:datafield>
         <marc:datafield tag="050" ind1=" " ind2="4">
            <marc:subfield code="a">BX4700.L7</marc:subfield>
            <marc:subfield code="b">B67 1624</marc:subfield>
         </marc:datafield>
         <marc:datafield tag="245" ind1="0" ind2="0">
            <marc:subfield code="a">Breue compendio della vita, e miracoli di Santo Ignatio, fondatore della Compagnia di Giesù.</marc:subfield>
         </marc:datafield>
         <marc:datafield tag="246" ind1="3" ind2=" ">
            <marc:subfield code="a">Breve compendio della vita, e miracoli di Santo Ignatio, fondatore della Compagnia di Giesù</marc:subfield>
         </marc:datafield>
         <marc:datafield tag="260" ind1=" " ind2=" ">
            <marc:subfield code="a">In Ferrara :</marc:subfield>
            <marc:subfield code="b">Presso Francesco Suzzi ;</marc:subfield>
            <marc:subfield code="a">Stampato in Milano :</marc:subfield>
            <marc:subfield code="b">Per Pandolfo Malatesta,</marc:subfield>
            <marc:subfield code="c">1624.</marc:subfield>
         </marc:datafield>
         <marc:datafield tag="300" ind1=" " ind2=" ">
            <marc:subfield code="a">15, [1] p. :</marc:subfield>
            <marc:subfield code="b">port. (woodcut) ;</marc:subfield>
            <marc:subfield code="c">15 cm. (8vo)</marc:subfield>
         </marc:datafield>
         <marc:datafield tag="500" ind1=" " ind2=" ">
            <marc:subfield code="a">Second printer statement from colophon.</marc:subfield>
         </marc:datafield>
         <marc:datafield tag="500" ind1=" " ind2=" ">
            <marc:subfield code="a">Signatures: A⁸.</marc:subfield>
         </marc:datafield>
         <marc:datafield tag="500" ind1=" " ind2=" ">
            <marc:subfield code="a">Woodcuts: port. of St. Ignatius on t.p.; head-piece and initial.</marc:subfield>
         </marc:datafield>
         <marc:datafield tag="590" ind1=" " ind2=" ">
            <marc:subfield code="a">Acquired for the Penn Libraries with assistance from the Henry Charles Lea Fund.</marc:subfield>
         </marc:datafield>
         <marc:datafield tag="590" ind1=" " ind2=" ">
            <marc:subfield code="a">Closely cropped at margins; partial loss of license on t.p.</marc:subfield>
         </marc:datafield>
         <marc:datafield tag="590" ind1=" " ind2=" ">
            <marc:subfield code="a">Bound with: Compendio della vita del B.P. Francesco Borgia.  In Bologna : Per lo Mascheroni e'l Ferroni, 1624 -- Ricordi e detti notabili di S. Francesco Sauerio della Compagnia di Geisu, apostolo dell'Indie.  In Bologna : Presso Theodoro Mascheroni, &amp; Clemente Ferroni, 1622 -- Elogio del padre Gioseffo Anceta della Compagnia di Giesù.  In Napoli, Como, Reggio, &amp; in Bologna : Presso Theodoro Mascheroni, e Clemente Ferroni, 1624.</marc:subfield>
         </marc:datafield>
         <marc:datafield tag="600" ind1="0" ind2="0">
            <marc:subfield code="a">Ignatius,</marc:subfield>
            <marc:subfield code="c">of Loyola, Saint,</marc:subfield>
            <marc:subfield code="d">1491-1556.</marc:subfield>
         </marc:datafield>
         <marc:datafield tag="610" ind1="2" ind2="0">
            <marc:subfield code="a">Jesuits</marc:subfield>
            <marc:subfield code="v">Biography.</marc:subfield>
         </marc:datafield>
         <marc:datafield tag="650" ind1=" " ind2="0">
            <marc:subfield code="a">Christian saints</marc:subfield>
            <marc:subfield code="z">Spain</marc:subfield>
            <marc:subfield code="v">Biography</marc:subfield>
            <marc:subfield code="v">Early works to 1800.</marc:subfield>
         </marc:datafield>
         <marc:datafield tag="650" ind1=" " ind2="4">
            <marc:subfield code="a">CHR 1624</marc:subfield>
         </marc:datafield>
         <marc:datafield tag="650" ind1=" " ind2="4">
            <marc:subfield code="a">PRO Soave, Fiammetta (label, Rome)</marc:subfield>
         </marc:datafield>
         <marc:datafield tag="700" ind1="1" ind2=" ">
            <marc:subfield code="a">Suzzi, Francesco,</marc:subfield>
            <marc:subfield code="e">printer.</marc:subfield>
         </marc:datafield>
         <marc:datafield tag="700" ind1="1" ind2=" ">
            <marc:subfield code="a">Malatesta, Pandolfo,</marc:subfield>
            <marc:subfield code="d">fl. 1594-1626,</marc:subfield>
            <marc:subfield code="e">printer.</marc:subfield>
         </marc:datafield>
         <marc:datafield tag="710" ind1="2" ind2=" ">
            <marc:subfield code="a">Henry Charles Lea Library (University of Pennsylvania)</marc:subfield>
            <marc:subfield code="5">PU</marc:subfield>
         </marc:datafield>
         <marc:datafield tag="710" ind1="2" ind2=" ">
            <marc:subfield code="a">Henry Charles Lea Fund.</marc:subfield>
            <marc:subfield code="5">PU</marc:subfield>
         </marc:datafield>
         <marc:datafield tag="752" ind1=" " ind2=" ">
            <marc:subfield code="a">Italy</marc:subfield>
            <marc:subfield code="d">Ferrara.</marc:subfield>
         </marc:datafield>
         <marc:datafield tag="752" ind1=" " ind2=" ">
            <marc:subfield code="a">Italy</marc:subfield>
            <marc:subfield code="d">Milan.</marc:subfield>
         </marc:datafield>
         <marc:datafield tag="856" ind1="4" ind2="2">
            <marc:subfield code="3">The Henry Charles Lea Fund Home Page</marc:subfield>
            <marc:subfield code="u">http://hdl.library.upenn.edu/1017.12/366238</marc:subfield>
         </marc:datafield>
      </marc:record>