
   </integ:BIB_ID>
   <integ:BIB_ID id="3000031" self="true">
      <marc:record xmlns:marc="http://www.loc.gov/MARC21/slim">
         <marc:controlfield tag="001">3000031</marc:controlfield>
         <marc:controlfield tag="005">20010524133155.0</marc:controlfield>
         <marc:controlfield tag="007">hd|afa|||baca</marc:controlfield>
         <marc:controlfield tag="008">840424d18031818ctuwr nea     0  |a0eng d</marc:controlfield>
         <marc:datafield tag="035" ind1=" " ind2=" ">
            <marc:subfield code="a">(CStRLIN)CTYAFML7604-S</marc:subfield>
         </marc:datafield>
         <marc:datafield tag="040" ind1=" " ind2=" ">
            <marc:subfield code="a">CtY</marc:subfield>
            <marc:subfield code="c">CtY</marc:subfield>
         </marc:datafield>
         <marc:datafield tag="043" ind1=" " ind2=" ">
            <marc:subfield code="a">n-us-ct</marc:subfield>
         </marc:datafield>
         <marc:datafield tag="130" ind1="0" ind2=" ">
            <marc:subfield code="a">Connecticut herald (New Haven, Conn. : 1803)</marc:subfield>
         </marc:datafield>
         <marc:datafield tag="245" ind1="0" ind2="0">
            <marc:subfield code="a">Connecticut herald</marc:subfield>
            <marc:subfield code="h">[microform].</marc:subfield>
         </marc:datafield>
         <marc:datafield tag="260" ind1=" " ind2=" ">
            <marc:subfield code="a">New-Haven [Conn.] :</marc:subfield>
            <marc:subfield code="b">Printed and published for the proprietor,</marc:subfield>
            <marc:subfield code="c">1803-1818.</marc:subfield>
         </marc:datafield>
         <marc:datafield tag="300" ind1=" " ind2=" ">
            <marc:subfield code="a">15 v. ;</marc:subfield>
            <marc:subfield code="c">53 cm.</marc:subfield>
         </marc:datafield>
         <marc:datafield tag="310" ind1=" " ind2=" ">
            <marc:subfield code="a">Weekly</marc:subfield>
         </marc:datafield>
         <marc:datafield tag="362" ind1="0" ind2=" ">
            <marc:subfield code="a">Vol. 1, no. 1 (Nov. 1, 1803)-v. 15, no. 22 (Mar. 10, 1818).</marc:subfield>
         </marc:datafield>
         <marc:datafield tag="500" ind1=" " ind2=" ">
            <marc:subfield code="a">Publishers: Comstock, Griswold &amp; Co., &lt;1804&gt;; Comstock, Steele &amp; Co., 1804-1805; Oliver Steele &amp; Co., 1805-1811; Walter &amp; Steele, 1811-1813; O. Steele, 1813-&lt;1815&gt;; Steele &amp; Gray, 1816-1817; Flagg &amp; Gray, 1817-1818.</marc:subfield>
         </marc:datafield>
         <marc:datafield tag="515" ind1=" " ind2=" ">
            <marc:subfield code="a">Issues for Nov. 6, 1810-1818 also called: Whole no. 367-750.</marc:subfield>
         </marc:datafield>
         <marc:datafield tag="533" ind1=" " ind2=" ">
            <marc:subfield code="a">Microfilm.</marc:subfield>
            <marc:subfield code="b">Naples, FL :</marc:subfield>
            <marc:subfield code="c">NewsBank, Inc. :</marc:subfield>
            <marc:subfield code="c">Readex ;</marc:subfield>
            <marc:subfield code="b">New Canaan, CT :</marc:subfield>
            <marc:subfield code="c">Readex,</marc:subfield>
            <marc:subfield code="d">[1999?-]</marc:subfield>
            <marc:subfield code="e">microfilm reels ; 35 mm.</marc:subfield>
            <marc:subfield code="f">(Early American newspapers)</marc:subfield>
         </marc:datafield>
         <marc:datafield tag="651" ind1=" " ind2="0">
            <marc:subfield code="a">New Haven (Conn.)</marc:subfield>
            <marc:subfield code="v">Newspapers.</marc:subfield>
         </marc:datafield>
         <marc:datafield tag="752" ind1=" " ind2=" ">
            <marc:subfield code="a">United States</marc:subfield>
            <marc:subfield code="b">Connecticut</marc:subfield>
            <marc:subfield code="c">New Haven</marc:subfield>
            <marc:subfield code="d">New Haven.</marc:subfield>
         </marc:datafield>
         <marc:datafield tag="780" ind1="0" ind2="5">
            <marc:subfield code="t">Connecticut post, and New Haven visitor</marc:subfield>
            <marc:subfield code="g">1804</marc:subfield>
         </marc:datafield>
         <marc:datafield tag="785" ind1="0" ind2="0">
            <marc:subfield code="t">Connecticut herald and general advertiser</marc:subfield>
         </marc:datafield>
         <marc:datafield tag="830" ind1=" " ind2="0">
            <marc:subfield code="a">Early American newspapers.</marc:subfield>
         </marc:datafield>
         <marc:datafield tag="998" ind1=" " ind2=" ">
            <marc:subfield code="s">9115</marc:subfield>
         </marc:datafield>
      </marc:record>