
   </integ:BIB_ID>
   <integ:BIB_ID id="3000032" self="true">
      <marc:record xmlns:marc="http://www.loc.gov/MARC21/slim">
         <marc:controlfield tag="001">3000032</marc:controlfield>
         <marc:controlfield tag="005">20010524133320.0</marc:controlfield>
         <marc:controlfield tag="008">870423s1954    gw a     b    000 0 ger d</marc:controlfield>
         <marc:datafield tag="035" ind1=" " ind2=" ">
            <marc:subfield code="a">(NNC)notisALK5328</marc:subfield>
         </marc:datafield>
         <marc:datafield tag="035" ind1=" " ind2=" ">
            <marc:subfield code="a">(OCoLC)15578728</marc:subfield>
         </marc:datafield>
         <marc:datafield tag="035" ind1=" " ind2=" ">
            <marc:subfield code="a">(CStRLIN)NYCGALK5328-B</marc:subfield>
         </marc:datafield>
         <marc:datafield tag="040" ind1=" " ind2=" ">
            <marc:subfield code="a">VA@</marc:subfield>
            <marc:subfield code="c">VA@</marc:subfield>
            <marc:subfield code="d">NNC</marc:subfield>
         </marc:datafield>
         <marc:datafield tag="100" ind1="1" ind2=" ">
            <marc:subfield code="a">Weihrich, Robert.</marc:subfield>
         </marc:datafield>
         <marc:datafield tag="245" ind1="1" ind2="4">
            <marc:subfield code="a">Die chemische Analyse in der Stahlindustrie /</marc:subfield>
            <marc:subfield code="c">Bearb. von August Winkel.</marc:subfield>
         </marc:datafield>
         <marc:datafield tag="250" ind1=" " ind2=" ">
            <marc:subfield code="a">4. umgearb. und erweiterte Aufl.</marc:subfield>
         </marc:datafield>
         <marc:datafield tag="260" ind1=" " ind2=" ">
            <marc:subfield code="a">Stuttgart :</marc:subfield>
            <marc:subfield code="b">F. Enke,</marc:subfield>
            <marc:subfield code="c">1954.</marc:subfield>
         </marc:datafield>
         <marc:datafield tag="300" ind1=" " ind2=" ">
            <marc:subfield code="a">223 p. :</marc:subfield>
            <marc:subfield code="b">ill. ;</marc:subfield>
            <marc:subfield code="c">25 cm.</marc:subfield>
         </marc:datafield>
         <marc:datafield tag="440" ind1=" " ind2="4">
            <marc:subfield code="a">Die Chemische Analyse,</marc:subfield>
            <marc:subfield code="v">31. Bd.</marc:subfield>
         </marc:datafield>
         <marc:datafield tag="504" ind1=" " ind2=" ">
            <marc:subfield code="a">Bibliographical footnotes.</marc:subfield>
         </marc:datafield>
         <marc:datafield tag="500" ind1=" " ind2=" ">
            <marc:subfield code="a">Based on I. Kassler's Untersuchungsmethoden für Roheisen, Stahl und Ferrolegierungen.</marc:subfield>
         </marc:datafield>
         <marc:datafield tag="650" ind1=" " ind2="0">
            <marc:subfield code="a">Steel</marc:subfield>
            <marc:subfield code="x">Analysis.</marc:subfield>
         </marc:datafield>
         <marc:datafield tag="700" ind1="1" ind2=" ">
            <marc:subfield code="a">Kassler, Isidor,</marc:subfield>
            <marc:subfield code="d">1877-</marc:subfield>
            <marc:subfield code="t">Untersuchungsmethoden für Roheisen, Stahl und Ferrolegierungen.</marc:subfield>
         </marc:datafield>
         <marc:datafield tag="700" ind1="1" ind2=" ">
            <marc:subfield code="a">Winkel, August,</marc:subfield>
            <marc:subfield code="e">ed.</marc:subfield>
         </marc:datafield>
         <marc:datafield tag="998" ind1=" " ind2=" ">
            <marc:subfield code="s">9125</marc:subfield>
         </marc:datafield>
         <marc:datafield tag="950" ind1=" " ind2=" ">
            <marc:subfield code="b">540.8\C422\v.31</marc:subfield>
         </marc:datafield>
      </marc:record>