
   </integ:BIB_ID>
   <integ:BIB_ID id="3000033" self="true">
      <marc:record xmlns:marc="http://www.loc.gov/MARC21/slim">
         <marc:controlfield tag="001">3000033</marc:controlfield>
         <marc:controlfield tag="005">20010524133451.0</marc:controlfield>
         <marc:controlfield tag="008">840316s1954    gw a     b    001 0 ger c</marc:controlfield>
         <marc:datafield tag="010" ind1=" " ind2=" ">
            <marc:subfield code="a">a  54003176 </marc:subfield>
         </marc:datafield>
         <marc:datafield tag="035" ind1=" " ind2=" ">
            <marc:subfield code="a">(NNC)notisALK5345</marc:subfield>
         </marc:datafield>
         <marc:datafield tag="035" ind1=" " ind2=" ">
            <marc:subfield code="a">(OCoLC)10527298</marc:subfield>
         </marc:datafield>
         <marc:datafield tag="035" ind1=" " ind2=" ">
            <marc:subfield code="a">(CStRLIN)NYCGALK5345-B</marc:subfield>
         </marc:datafield>
         <marc:datafield tag="040" ind1=" " ind2=" ">
            <marc:subfield code="a">Iowa State Coll. Libr.</marc:subfield>
            <marc:subfield code="c">DGW</marc:subfield>
         </marc:datafield>
         <marc:datafield tag="100" ind1="1" ind2=" ">
            <marc:subfield code="a">Prodinger, Wilhelm.</marc:subfield>
         </marc:datafield>
         <marc:datafield tag="245" ind1="1" ind2="0">
            <marc:subfield code="a">Organische Fällungsmittel in der quantitativen Analyse.</marc:subfield>
         </marc:datafield>
         <marc:datafield tag="250" ind1=" " ind2=" ">
            <marc:subfield code="a">3. völlig umgearb. und verm. Aufl.</marc:subfield>
         </marc:datafield>
         <marc:datafield tag="260" ind1=" " ind2=" ">
            <marc:subfield code="a">Stuttgart,</marc:subfield>
            <marc:subfield code="b">F. Enke,</marc:subfield>
            <marc:subfield code="c">1954.</marc:subfield>
         </marc:datafield>
         <marc:datafield tag="300" ind1=" " ind2=" ">
            <marc:subfield code="a">232 p.</marc:subfield>
            <marc:subfield code="b">tables.</marc:subfield>
            <marc:subfield code="c">25 cm.</marc:subfield>
         </marc:datafield>
         <marc:datafield tag="440" ind1=" " ind2="4">
            <marc:subfield code="a">Die Chemische Analyse,</marc:subfield>
            <marc:subfield code="v">37 Bd.</marc:subfield>
         </marc:datafield>
         <marc:datafield tag="504" ind1=" " ind2=" ">
            <marc:subfield code="a">Bibliographical footnotes.</marc:subfield>
         </marc:datafield>
         <marc:datafield tag="650" ind1=" " ind2="0">
            <marc:subfield code="a">Chemistry, Analytic</marc:subfield>
            <marc:subfield code="x">Quantitative.</marc:subfield>
         </marc:datafield>
         <marc:datafield tag="650" ind1=" " ind2="0">
            <marc:subfield code="a">Chemical tests and reagents.</marc:subfield>
         </marc:datafield>
         <marc:datafield tag="650" ind1=" " ind2="0">
            <marc:subfield code="a">Metals.</marc:subfield>
         </marc:datafield>
         <marc:datafield tag="998" ind1=" " ind2=" ">
            <marc:subfield code="s">9125</marc:subfield>
         </marc:datafield>
         <marc:datafield tag="950" ind1=" " ind2=" ">
            <marc:subfield code="b">540.8\C422\v.37\3d ed.</marc:subfield>
         </marc:datafield>
      </marc:record>