
   </integ:BIB_ID>
   <integ:BIB_ID id="3000034" self="true">
      <marc:record xmlns:marc="http://www.loc.gov/MARC21/slim">
         <marc:controlfield tag="001">3000034</marc:controlfield>
         <marc:controlfield tag="005">20010524133521.0</marc:controlfield>
         <marc:controlfield tag="007">hd|afa|||baca</marc:controlfield>
         <marc:controlfield tag="008">820316d18021803ctuwr nea     0  | 0eng d</marc:controlfield>
         <marc:datafield tag="035" ind1=" " ind2=" ">
            <marc:subfield code="a">(CStRLIN)CTYAFFJ0361-S</marc:subfield>
         </marc:datafield>
         <marc:datafield tag="040" ind1=" " ind2=" ">
            <marc:subfield code="a">CtY</marc:subfield>
            <marc:subfield code="c">CtY</marc:subfield>
         </marc:datafield>
         <marc:datafield tag="043" ind1=" " ind2=" ">
            <marc:subfield code="a">n-us-ct</marc:subfield>
         </marc:datafield>
         <marc:datafield tag="130" ind1="0" ind2=" ">
            <marc:subfield code="a">Visitor (New Haven, Conn.)</marc:subfield>
         </marc:datafield>
         <marc:datafield tag="245" ind1="0" ind2="4">
            <marc:subfield code="a">The visitor</marc:subfield>
            <marc:subfield code="h">[microform].</marc:subfield>
         </marc:datafield>
         <marc:datafield tag="260" ind1=" " ind2=" ">
            <marc:subfield code="a">New Haven [Conn.] :</marc:subfield>
            <marc:subfield code="b">Printed by William W. Morse for the editor,</marc:subfield>
            <marc:subfield code="c">1802-1803.</marc:subfield>
         </marc:datafield>
         <marc:datafield tag="300" ind1=" " ind2=" ">
            <marc:subfield code="a">1 v. ;</marc:subfield>
            <marc:subfield code="c">27 cm.</marc:subfield>
         </marc:datafield>
         <marc:datafield tag="310" ind1=" " ind2=" ">
            <marc:subfield code="a">Weekly</marc:subfield>
         </marc:datafield>
         <marc:datafield tag="362" ind1="0" ind2=" ">
            <marc:subfield code="a">Vol. 1, no. 1 (Oct. 30, 1802)-v. 1, no. 52 (Oct. 25, 1803).</marc:subfield>
         </marc:datafield>
         <marc:datafield tag="533" ind1=" " ind2=" ">
            <marc:subfield code="a">Microfilm.</marc:subfield>
            <marc:subfield code="b">New Canaan, Conn. :</marc:subfield>
            <marc:subfield code="c">Readex,</marc:subfield>
            <marc:subfield code="d">[1989?]</marc:subfield>
            <marc:subfield code="e">1 microfilm reel ; 35 mm.</marc:subfield>
            <marc:subfield code="f">(Early American newspapers)</marc:subfield>
         </marc:datafield>
         <marc:datafield tag="651" ind1=" " ind2="4">
            <marc:subfield code="a">New Haven (Conn.)</marc:subfield>
            <marc:subfield code="x">Newspapers.</marc:subfield>
         </marc:datafield>
         <marc:datafield tag="752" ind1=" " ind2=" ">
            <marc:subfield code="a">United States</marc:subfield>
            <marc:subfield code="b">Connecticut</marc:subfield>
            <marc:subfield code="c">New Haven</marc:subfield>
            <marc:subfield code="d">New Haven.</marc:subfield>
         </marc:datafield>
         <marc:datafield tag="780" ind1="0" ind2="0">
            <marc:subfield code="t">Messenger (New Haven, Conn.)</marc:subfield>
         </marc:datafield>
         <marc:datafield tag="785" ind1="0" ind2="0">
            <marc:subfield code="t">Connecticut post, and New Haven visitor</marc:subfield>
         </marc:datafield>
         <marc:datafield tag="830" ind1=" " ind2="0">
            <marc:subfield code="a">Early American newspapers.</marc:subfield>
         </marc:datafield>
         <marc:datafield tag="998" ind1=" " ind2=" ">
            <marc:subfield code="s">9115</marc:subfield>
         </marc:datafield>
      </marc:record>