
   </integ:BIB_ID>
   <integ:BIB_ID id="3000035" self="true">
      <marc:record xmlns:marc="http://www.loc.gov/MARC21/slim">
         <marc:controlfield tag="001">3000035</marc:controlfield>
         <marc:controlfield tag="005">20010524133850.0</marc:controlfield>
         <marc:controlfield tag="007">hd|afa|||baca</marc:controlfield>
         <marc:controlfield tag="008">820925d18121855ctuwr nea     0  | 0eng d</marc:controlfield>
         <marc:datafield tag="035" ind1=" " ind2=" ">
            <marc:subfield code="a">(CStRLIN)CTYAFML7601-S</marc:subfield>
         </marc:datafield>
         <marc:datafield tag="040" ind1=" " ind2=" ">
            <marc:subfield code="a">CtY</marc:subfield>
            <marc:subfield code="c">CtY</marc:subfield>
            <marc:subfield code="d">CStRLIN</marc:subfield>
         </marc:datafield>
         <marc:datafield tag="043" ind1=" " ind2=" ">
            <marc:subfield code="a">n-us-ct</marc:subfield>
         </marc:datafield>
         <marc:datafield tag="130" ind1="0" ind2=" ">
            <marc:subfield code="a">Columbian register (New Haven, Conn. : 1812)</marc:subfield>
         </marc:datafield>
         <marc:datafield tag="245" ind1="0" ind2="0">
            <marc:subfield code="a">Columbian register</marc:subfield>
            <marc:subfield code="h">[microform].</marc:subfield>
         </marc:datafield>
         <marc:datafield tag="246" ind1="1" ind2=" ">
            <marc:subfield code="i">Issues for Mar. 24-Oct. 10, 1818 called:</marc:subfield>
            <marc:subfield code="a">Columbian register, and true Republican</marc:subfield>
         </marc:datafield>
         <marc:datafield tag="260" ind1=" " ind2=" ">
            <marc:subfield code="a">New-Haven, Conn. :</marc:subfield>
            <marc:subfield code="b">J. Barber,</marc:subfield>
            <marc:subfield code="c">1812-1855.</marc:subfield>
         </marc:datafield>
         <marc:datafield tag="300" ind1=" " ind2=" ">
            <marc:subfield code="a">44 v.</marc:subfield>
         </marc:datafield>
         <marc:datafield tag="310" ind1=" " ind2=" ">
            <marc:subfield code="a">Weekly</marc:subfield>
         </marc:datafield>
         <marc:datafield tag="362" ind1="0" ind2=" ">
            <marc:subfield code="a">Vol. 1, no. 1 (Dec. 1, 1812)-v. 44, no. 2249 (Dec. 29, 1855).</marc:subfield>
         </marc:datafield>
         <marc:datafield tag="500" ind1=" " ind2=" ">
            <marc:subfield code="a">Publishers: Barber &amp; Osborn, 1833-1838; Osborn &amp; Baldwin, 1838-1855.</marc:subfield>
         </marc:datafield>
         <marc:datafield tag="500" ind1=" " ind2=" ">
            <marc:subfield code="a">Editor: M.A. Osborn, 1834-1855.</marc:subfield>
         </marc:datafield>
         <marc:datafield tag="580" ind1=" " ind2=" ">
            <marc:subfield code="a">Semiweekly ed.: Morning register (New Haven, Conn.), 183 -183 .</marc:subfield>
         </marc:datafield>
         <marc:datafield tag="580" ind1=" " ind2=" ">
            <marc:subfield code="a">Triweekly eds.: Columbian register (New Haven, Conn. : 1840), 1840-184u, and: New Haven register (New Haven, Conn. : 1846), 184u-185u, and: Daily register (New Haven, Conn.), 185u-1855.</marc:subfield>
         </marc:datafield>
         <marc:datafield tag="580" ind1=" " ind2=" ">
            <marc:subfield code="a">Daily ed.: New-Haven daily register, 1846-1855.</marc:subfield>
         </marc:datafield>
         <marc:datafield tag="533" ind1=" " ind2=" ">
            <marc:subfield code="a">Microfilm.</marc:subfield>
            <marc:subfield code="b">Naples, FL :</marc:subfield>
            <marc:subfield code="c">Readex :</marc:subfield>
            <marc:subfield code="c">NewsBank, inc. ;</marc:subfield>
            <marc:subfield code="a">New Canaan, Ct :</marc:subfield>
            <marc:subfield code="c">Readex,</marc:subfield>
            <marc:subfield code="d">[1999?-   ]</marc:subfield>
            <marc:subfield code="e">microfilm reels ; 35 mm</marc:subfield>
            <marc:subfield code="f">(Early American newspapers)</marc:subfield>
         </marc:datafield>
         <marc:datafield tag="651" ind1=" " ind2="0">
            <marc:subfield code="a">New Haven (Conn.)</marc:subfield>
            <marc:subfield code="v">Newspapers.</marc:subfield>
         </marc:datafield>
         <marc:datafield tag="752" ind1=" " ind2=" ">
            <marc:subfield code="a">United States</marc:subfield>
            <marc:subfield code="b">Connecticut</marc:subfield>
            <marc:subfield code="c">New Haven</marc:subfield>
            <marc:subfield code="d">New Haven.</marc:subfield>
         </marc:datafield>
         <marc:datafield tag="775" ind1="1" ind2=" ">
            <marc:subfield code="t">Morning register (New Haven, Conn.)</marc:subfield>
         </marc:datafield>
         <marc:datafield tag="775" ind1="1" ind2=" ">
            <marc:subfield code="t">Columbian register (New Haven, Conn. : 1840)</marc:subfield>
         </marc:datafield>
         <marc:datafield tag="775" ind1="1" ind2=" ">
            <marc:subfield code="t">New Haven register (New Haven, Conn. : 1846)</marc:subfield>
         </marc:datafield>
         <marc:datafield tag="775" ind1="1" ind2=" ">
            <marc:subfield code="t">Daily register (New Haven, Conn.)</marc:subfield>
         </marc:datafield>
         <marc:datafield tag="775" ind1="1" ind2=" ">
            <marc:subfield code="t">New-Haven daily register</marc:subfield>
         </marc:datafield>
         <marc:datafield tag="785" ind1="0" ind2="0">
            <marc:subfield code="t">Columbian weekly register</marc:subfield>
         </marc:datafield>
         <marc:datafield tag="830" ind1=" " ind2="0">
            <marc:subfield code="a">Early American newspapers.</marc:subfield>
         </marc:datafield>
         <marc:datafield tag="998" ind1=" " ind2=" ">
            <marc:subfield code="s">9115</marc:subfield>
         </marc:datafield>
      </marc:record>