
   </integ:BIB_ID>
   <integ:BIB_ID id="3000039" self="true">
      <marc:record xmlns:marc="http://www.loc.gov/MARC21/slim">
         <marc:controlfield tag="001">3000039</marc:controlfield>
         <marc:controlfield tag="005">20010524134558.0</marc:controlfield>
         <marc:controlfield tag="007">hdrafa---baca</marc:controlfield>
         <marc:controlfield tag="008">870828d17861789nyuuu nea     0uuu 0eng d</marc:controlfield>
         <marc:datafield tag="035" ind1=" " ind2=" ">
            <marc:subfield code="a">(CStRLIN)CTYG87-S1492</marc:subfield>
         </marc:datafield>
         <marc:datafield tag="040" ind1=" " ind2=" ">
            <marc:subfield code="a">CtY</marc:subfield>
            <marc:subfield code="c">CtY</marc:subfield>
         </marc:datafield>
         <marc:datafield tag="052" ind1=" " ind2=" ">
            <marc:subfield code="a">3783</marc:subfield>
            <marc:subfield code="b">N3</marc:subfield>
         </marc:datafield>
         <marc:datafield tag="245" ind1="0" ind2="4">
            <marc:subfield code="a">The New-Haven gazette and the Connecticut magazine</marc:subfield>
            <marc:subfield code="h">[microform].</marc:subfield>
         </marc:datafield>
         <marc:datafield tag="246" ind1="0" ind2="0">
            <marc:subfield code="a">New Haven gazette and the Connecticut magazine</marc:subfield>
         </marc:datafield>
         <marc:datafield tag="246" ind1="1" ind2="0">
            <marc:subfield code="a">New Haven gazette and Connecticut magazine</marc:subfield>
         </marc:datafield>
         <marc:datafield tag="260" ind1="0" ind2="0">
            <marc:subfield code="a">New Haven, Conn. :</marc:subfield>
            <marc:subfield code="b">Meigs &amp; Dana,</marc:subfield>
            <marc:subfield code="c">1786-1789.</marc:subfield>
         </marc:datafield>
         <marc:datafield tag="300" ind1=" " ind2=" ">
            <marc:subfield code="a">4 v. ;</marc:subfield>
            <marc:subfield code="c">26 cm.</marc:subfield>
         </marc:datafield>
         <marc:datafield tag="310" ind1=" " ind2=" ">
            <marc:subfield code="a">Weekly</marc:subfield>
         </marc:datafield>
         <marc:datafield tag="362" ind1="0" ind2=" ">
            <marc:subfield code="a">Vol. 1, no. 1 (Feb. 16, 1786)-v. 4, no. 23 (June 18, 1789).</marc:subfield>
         </marc:datafield>
         <marc:datafield tag="500" ind1=" " ind2=" ">
            <marc:subfield code="a">Published as: New Haven gazette and Connecticut magazine, 1789.</marc:subfield>
         </marc:datafield>
         <marc:datafield tag="500" ind1=" " ind2=" ">
            <marc:subfield code="a">Publisher: J. Meigs, 1787-1789.</marc:subfield>
         </marc:datafield>
         <marc:datafield tag="515" ind1=" " ind2=" ">
            <marc:subfield code="a">Not published Jan. 4, 1787.</marc:subfield>
            <marc:subfield code="z">Cf. LC 18th cent. newspapers (1936 ed.).</marc:subfield>
         </marc:datafield>
         <marc:datafield tag="533" ind1=" " ind2=" ">
            <marc:subfield code="a">Microfilm.</marc:subfield>
            <marc:subfield code="b">New York :</marc:subfield>
            <marc:subfield code="c">Readex Microprint Corp.,</marc:subfield>
            <marc:subfield code="d">[19--</marc:subfield>
            <marc:subfield code="e">1 microfilm reel ; 35 mm.</marc:subfield>
            <marc:subfield code="f">(Early American newspapers)</marc:subfield>
         </marc:datafield>
         <marc:datafield tag="780" ind1="0" ind2="0">
            <marc:subfield code="a">New-Haven gazette</marc:subfield>
         </marc:datafield>
         <marc:datafield tag="830" ind1=" " ind2="0">
            <marc:subfield code="a">Early American newspapers.</marc:subfield>
         </marc:datafield>
         <marc:datafield tag="998" ind1=" " ind2=" ">
            <marc:subfield code="s">9114</marc:subfield>
         </marc:datafield>
      </marc:record>