
   </integ:BIB_ID>
   <integ:BIB_ID id="3000040" self="true">
      <marc:record xmlns:marc="http://www.loc.gov/MARC21/slim">
         <marc:controlfield tag="001">3000040</marc:controlfield>
         <marc:controlfield tag="005">20010524134408.0</marc:controlfield>
         <marc:controlfield tag="007">hdrafa---baca</marc:controlfield>
         <marc:controlfield tag="008">870826d17841786nyuuu nea     0uuu 0eng d</marc:controlfield>
         <marc:datafield tag="035" ind1=" " ind2=" ">
            <marc:subfield code="a">(CStRLIN)CTYG87-S1486</marc:subfield>
         </marc:datafield>
         <marc:datafield tag="040" ind1=" " ind2=" ">
            <marc:subfield code="a">CtY</marc:subfield>
            <marc:subfield code="c">CtY</marc:subfield>
         </marc:datafield>
         <marc:datafield tag="052" ind1=" " ind2=" ">
            <marc:subfield code="a">3783</marc:subfield>
            <marc:subfield code="b">N3</marc:subfield>
         </marc:datafield>
         <marc:datafield tag="245" ind1="0" ind2="4">
            <marc:subfield code="a">The New-Haven gazette</marc:subfield>
            <marc:subfield code="h">[microform].</marc:subfield>
         </marc:datafield>
         <marc:datafield tag="246" ind1="0" ind2="3">
            <marc:subfield code="a">New Haven gazette</marc:subfield>
         </marc:datafield>
         <marc:datafield tag="260" ind1="0" ind2="0">
            <marc:subfield code="a">New Haven, Conn. :</marc:subfield>
            <marc:subfield code="b">Meigs, Bowen, and Dana,</marc:subfield>
            <marc:subfield code="c">1784-1786.</marc:subfield>
         </marc:datafield>
         <marc:datafield tag="300" ind1=" " ind2=" ">
            <marc:subfield code="a">2 v. :</marc:subfield>
            <marc:subfield code="b">ill ;</marc:subfield>
            <marc:subfield code="c">42-48 cm.</marc:subfield>
         </marc:datafield>
         <marc:datafield tag="310" ind1=" " ind2=" ">
            <marc:subfield code="a">Weekly</marc:subfield>
         </marc:datafield>
         <marc:datafield tag="362" ind1="0" ind2=" ">
            <marc:subfield code="a">Vol. 1, no. 1 (May 13, 1784)-v. 2, no. 92 (Feb. 9, 1786).</marc:subfield>
         </marc:datafield>
         <marc:datafield tag="500" ind1=" " ind2=" ">
            <marc:subfield code="a">Publisher: Meigs &amp; Dana, 1786.</marc:subfield>
         </marc:datafield>
         <marc:datafield tag="533" ind1=" " ind2=" ">
            <marc:subfield code="a">Microfilm.</marc:subfield>
            <marc:subfield code="b">New York :</marc:subfield>
            <marc:subfield code="c">Readex Microprint Corp.,</marc:subfield>
            <marc:subfield code="d">[19--]</marc:subfield>
            <marc:subfield code="e">1 microfilm reel ; 35 mm.</marc:subfield>
            <marc:subfield code="f">(Early American newspapers)</marc:subfield>
         </marc:datafield>
         <marc:datafield tag="500" ind1=" " ind2=" ">
            <marc:subfield code="a">Reel for 1784-86 includes: New Haven chronicle.</marc:subfield>
         </marc:datafield>
         <marc:datafield tag="785" ind1="0" ind2="0">
            <marc:subfield code="t">New-Haven gazette and the Connecticut magazine</marc:subfield>
         </marc:datafield>
         <marc:datafield tag="830" ind1=" " ind2="0">
            <marc:subfield code="a">Early American newspapers.</marc:subfield>
         </marc:datafield>
         <marc:datafield tag="998" ind1=" " ind2=" ">
            <marc:subfield code="s">9914</marc:subfield>
         </marc:datafield>
      </marc:record>