
   </integ:BIB_ID>
   <integ:BIB_ID id="3000043" self="true">
      <marc:record xmlns:marc="http://www.loc.gov/MARC21/slim">
         <marc:controlfield tag="001">3000043</marc:controlfield>
         <marc:controlfield tag="005">20010524135109.0</marc:controlfield>
         <marc:controlfield tag="008">000526s1999    ii abf   b    001 0 eng  </marc:controlfield>
         <marc:datafield tag="010" ind1=" " ind2=" ">
            <marc:subfield code="a">   99950076 </marc:subfield>
         </marc:datafield>
         <marc:datafield tag="020" ind1=" " ind2=" ">
            <marc:subfield code="a">8176461121</marc:subfield>
         </marc:datafield>
         <marc:datafield tag="025" ind1=" " ind2=" ">
            <marc:subfield code="a">I-E-99-950076; 68-21</marc:subfield>
         </marc:datafield>
         <marc:datafield tag="035" ind1=" " ind2=" ">
            <marc:subfield code="a">(CStRLIN)CSUGA4491110-B</marc:subfield>
         </marc:datafield>
         <marc:datafield tag="037" ind1=" " ind2=" ">
            <marc:subfield code="b">Library of Congress -- New Delhi Field Office</marc:subfield>
            <marc:subfield code="c">Rs500.00</marc:subfield>
         </marc:datafield>
         <marc:datafield tag="040" ind1=" " ind2=" ">
            <marc:subfield code="a">DLC</marc:subfield>
            <marc:subfield code="c">DLC</marc:subfield>
         </marc:datafield>
         <marc:datafield tag="042" ind1=" " ind2=" ">
            <marc:subfield code="a">lcode</marc:subfield>
         </marc:datafield>
         <marc:datafield tag="043" ind1=" " ind2=" ">
            <marc:subfield code="a">a-ii---</marc:subfield>
         </marc:datafield>
         <marc:datafield tag="050" ind1="0" ind2="0">
            <marc:subfield code="a">DS432.G86</marc:subfield>
            <marc:subfield code="b">1999</marc:subfield>
         </marc:datafield>
         <marc:datafield tag="100" ind1="1" ind2=" ">
            <marc:subfield code="a">Verma, V.</marc:subfield>
         </marc:datafield>
         <marc:datafield tag="245" ind1="1" ind2="0">
            <marc:subfield code="a">Ban-Gujars :</marc:subfield>
            <marc:subfield code="b">a nomadic tribe in Himachal Pradesh /</marc:subfield>
            <marc:subfield code="c">V. Verma.</marc:subfield>
         </marc:datafield>
         <marc:datafield tag="260" ind1=" " ind2=" ">
            <marc:subfield code="a">Delhi :</marc:subfield>
            <marc:subfield code="b">B.R. Pub. Corp.,</marc:subfield>
            <marc:subfield code="c">2000.</marc:subfield>
         </marc:datafield>
         <marc:datafield tag="300" ind1=" " ind2=" ">
            <marc:subfield code="a">viii, 208 p., [8] p. of plates :</marc:subfield>
            <marc:subfield code="b">ill., map ;</marc:subfield>
            <marc:subfield code="c">23 cm.</marc:subfield>
         </marc:datafield>
         <marc:datafield tag="504" ind1=" " ind2=" ">
            <marc:subfield code="a">Includes bibliographical references (p. [201]-204) and index.</marc:subfield>
         </marc:datafield>
         <marc:datafield tag="650" ind1=" " ind2="0">
            <marc:subfield code="a">Gujars</marc:subfield>
            <marc:subfield code="z">India</marc:subfield>
            <marc:subfield code="z">Himachal Pradesh.</marc:subfield>
         </marc:datafield>
         <marc:datafield tag="650" ind1=" " ind2="0">
            <marc:subfield code="a">Nomads</marc:subfield>
            <marc:subfield code="z">India</marc:subfield>
            <marc:subfield code="z">Himachal Pradesh.</marc:subfield>
         </marc:datafield>
         <marc:datafield tag="651" ind1=" " ind2="0">
            <marc:subfield code="a">Himachal Pradesh (India)</marc:subfield>
            <marc:subfield code="x">Civilization.</marc:subfield>
         </marc:datafield>
         <marc:datafield tag="998" ind1=" " ind2=" ">
            <marc:subfield code="s">9995</marc:subfield>
         </marc:datafield>
      </marc:record>