
   </integ:BIB_ID>
   <integ:BIB_ID id="3000045" self="true">
      <marc:record xmlns:marc="http://www.loc.gov/MARC21/slim">
         <marc:controlfield tag="001">3000045</marc:controlfield>
         <marc:controlfield tag="005">20070313123209.0</marc:controlfield>
         <marc:controlfield tag="008">010524d19601964nyuar         0   a0eng d</marc:controlfield>
         <marc:datafield tag="035" ind1=" " ind2=" ">
            <marc:subfield code="a">(CStRLIN)CTYG83-S403</marc:subfield>
         </marc:datafield>
         <marc:datafield tag="040" ind1=" " ind2=" ">
            <marc:subfield code="a">CU</marc:subfield>
            <marc:subfield code="c">CU</marc:subfield>
            <marc:subfield code="d">CU</marc:subfield>
            <marc:subfield code="d">MiU</marc:subfield>
            <marc:subfield code="d">CtY</marc:subfield>
            <marc:subfield code="d">PU</marc:subfield>
         </marc:datafield>
         <marc:datafield tag="050" ind1=" " ind2="4">
            <marc:subfield code="a">PN6071.S33</marc:subfield>
            <marc:subfield code="b">Y42</marc:subfield>
         </marc:datafield>
         <marc:datafield tag="245" ind1="0" ind2="0">
            <marc:subfield code="a">Annual of the year's best SF.</marc:subfield>
         </marc:datafield>
         <marc:datafield tag="260" ind1="0" ind2=" ">
            <marc:subfield code="a">New York :</marc:subfield>
            <marc:subfield code="b">Simon and Schuster,</marc:subfield>
            <marc:subfield code="c">1960-1964.</marc:subfield>
         </marc:datafield>
         <marc:datafield tag="300" ind1=" " ind2=" ">
            <marc:subfield code="a">5 v. ;</marc:subfield>
            <marc:subfield code="c">17-22 cm.</marc:subfield>
         </marc:datafield>
         <marc:datafield tag="310" ind1=" " ind2=" ">
            <marc:subfield code="a">Annual</marc:subfield>
         </marc:datafield>
         <marc:datafield tag="362" ind1="0" ind2=" ">
            <marc:subfield code="a">5th-9th.</marc:subfield>
         </marc:datafield>
         <marc:datafield tag="500" ind1=" " ind2=" ">
            <marc:subfield code="a">Edited by Judith Merril.</marc:subfield>
         </marc:datafield>
         <marc:datafield tag="650" ind1=" " ind2="0">
            <marc:subfield code="a">Science fiction</marc:subfield>
            <marc:subfield code="v">Periodicals.</marc:subfield>
         </marc:datafield>
         <marc:datafield tag="700" ind1="1" ind2=" ">
            <marc:subfield code="a">Merril, Judith,</marc:subfield>
            <marc:subfield code="d">1923-1997.</marc:subfield>
         </marc:datafield>
         <marc:datafield tag="785" ind1="0" ind2="0">
            <marc:subfield code="t">SF (New York, N.Y. : 1956)</marc:subfield>
         </marc:datafield>
         <marc:datafield tag="785" ind1="0" ind2="0">
            <marc:subfield code="t">Year's best SF</marc:subfield>
         </marc:datafield>
      </marc:record>