
   </integ:BIB_ID>
   <integ:BIB_ID id="3000050" self="true">
      <marc:record xmlns:marc="http://www.loc.gov/MARC21/slim">
         <marc:controlfield tag="001">3000050</marc:controlfield>
         <marc:controlfield tag="005">20010524135734.0</marc:controlfield>
         <marc:controlfield tag="008">000803s2000    nyu      b    001 0 eng  </marc:controlfield>
         <marc:datafield tag="010" ind1=" " ind2=" ">
            <marc:subfield code="a">   00061911 </marc:subfield>
         </marc:datafield>
         <marc:datafield tag="020" ind1=" " ind2=" ">
            <marc:subfield code="a">3540679537 (alk. paper)</marc:subfield>
         </marc:datafield>
         <marc:datafield tag="035" ind1=" " ind2=" ">
            <marc:subfield code="a">(CStRLIN)DCLC0061911-B</marc:subfield>
         </marc:datafield>
         <marc:datafield tag="040" ind1=" " ind2=" ">
            <marc:subfield code="a">DLC</marc:subfield>
            <marc:subfield code="c">DLC</marc:subfield>
            <marc:subfield code="d">DLC</marc:subfield>
            <marc:subfield code="d">CStRLIN</marc:subfield>
         </marc:datafield>
         <marc:datafield tag="050" ind1="0" ind2="0">
            <marc:subfield code="a">QC611.95</marc:subfield>
            <marc:subfield code="b">.H84 2000</marc:subfield>
         </marc:datafield>
         <marc:datafield tag="082" ind1="0" ind2="0">
            <marc:subfield code="a">537.6/23</marc:subfield>
            <marc:subfield code="2">21</marc:subfield>
         </marc:datafield>
         <marc:datafield tag="100" ind1="1" ind2=" ">
            <marc:subfield code="a">Huebener, R. P.</marc:subfield>
            <marc:subfield code="q">(Rudolf Peter),</marc:subfield>
            <marc:subfield code="d">1931-</marc:subfield>
         </marc:datafield>
         <marc:datafield tag="245" ind1="1" ind2="0">
            <marc:subfield code="a">Magnetic flux structures in superconductors :</marc:subfield>
            <marc:subfield code="b">extended reprint of a classic text /</marc:subfield>
            <marc:subfield code="c">R.P. Huebener.</marc:subfield>
         </marc:datafield>
         <marc:datafield tag="250" ind1=" " ind2=" ">
            <marc:subfield code="a">[2nd ed.].</marc:subfield>
         </marc:datafield>
         <marc:datafield tag="260" ind1=" " ind2=" ">
            <marc:subfield code="a">New York :</marc:subfield>
            <marc:subfield code="b">Springer,</marc:subfield>
            <marc:subfield code="c">2000.</marc:subfield>
         </marc:datafield>
         <marc:datafield tag="263" ind1=" " ind2=" ">
            <marc:subfield code="a">0011</marc:subfield>
         </marc:datafield>
         <marc:datafield tag="300" ind1=" " ind2=" ">
            <marc:subfield code="a">p. cm.</marc:subfield>
         </marc:datafield>
         <marc:datafield tag="440" ind1=" " ind2="0">
            <marc:subfield code="a">Springer series in solid-state sciences,</marc:subfield>
            <marc:subfield code="x">0171-1873 ;</marc:subfield>
            <marc:subfield code="v">6</marc:subfield>
         </marc:datafield>
         <marc:datafield tag="504" ind1=" " ind2=" ">
            <marc:subfield code="a">Includes bibliographical references and index.</marc:subfield>
         </marc:datafield>
         <marc:datafield tag="650" ind1=" " ind2="0">
            <marc:subfield code="a">Superconductors.</marc:subfield>
         </marc:datafield>
         <marc:datafield tag="650" ind1=" " ind2="0">
            <marc:subfield code="a">Magnetic flux.</marc:subfield>
         </marc:datafield>
         <marc:datafield tag="998" ind1=" " ind2=" ">
            <marc:subfield code="s">9660</marc:subfield>
         </marc:datafield>
      </marc:record>