
   </integ:BIB_ID>
   <integ:BIB_ID id="3000056" self="true">
      <marc:record xmlns:marc="http://www.loc.gov/MARC21/slim">
         <marc:controlfield tag="001">3000056</marc:controlfield>
         <marc:controlfield tag="005">20010524140811.0</marc:controlfield>
         <marc:controlfield tag="008">000712s2000    ii       b    000 0 maro </marc:controlfield>
         <marc:datafield tag="010" ind1=" " ind2=" ">
            <marc:subfield code="a">   99957172 </marc:subfield>
         </marc:datafield>
         <marc:datafield tag="020" ind1=" " ind2=" ">
            <marc:subfield code="z">8172651046</marc:subfield>
         </marc:datafield>
         <marc:datafield tag="025" ind1=" " ind2=" ">
            <marc:subfield code="a">I-Mar-99-957172; 06; 12</marc:subfield>
         </marc:datafield>
         <marc:datafield tag="035" ind1=" " ind2=" ">
            <marc:subfield code="a">(CStRLIN)DCLC99957172-B</marc:subfield>
         </marc:datafield>
         <marc:datafield tag="037" ind1=" " ind2=" ">
            <marc:subfield code="b">Library of Congress -- New Delhi Field Office</marc:subfield>
            <marc:subfield code="c">Rs160.00</marc:subfield>
         </marc:datafield>
         <marc:datafield tag="040" ind1=" " ind2=" ">
            <marc:subfield code="a">DLC</marc:subfield>
            <marc:subfield code="c">DLC</marc:subfield>
         </marc:datafield>
         <marc:datafield tag="042" ind1=" " ind2=" ">
            <marc:subfield code="a">lcode</marc:subfield>
         </marc:datafield>
         <marc:datafield tag="043" ind1=" " ind2=" ">
            <marc:subfield code="a">a-ii---</marc:subfield>
         </marc:datafield>
         <marc:datafield tag="050" ind1="0" ind2="0">
            <marc:subfield code="a">PN2885.M3</marc:subfield>
            <marc:subfield code="b">M65 2000</marc:subfield>
         </marc:datafield>
         <marc:datafield tag="100" ind1="1" ind2=" ">
            <marc:subfield code="a">Mokāśī, Madhukara Gaṇeśa.</marc:subfield>
         </marc:datafield>
         <marc:datafield tag="245" ind1="1" ind2="0">
            <marc:subfield code="a">Dalita raṅgabhūmī āṇi nāṭya caḷavaḷa /</marc:subfield>
            <marc:subfield code="c">Madhukara Mokāśī.</marc:subfield>
         </marc:datafield>
         <marc:datafield tag="250" ind1=" " ind2=" ">
            <marc:subfield code="a">Prathamāvr̥ttī.</marc:subfield>
         </marc:datafield>
         <marc:datafield tag="260" ind1=" " ind2=" ">
            <marc:subfield code="a">Puṇe :</marc:subfield>
            <marc:subfield code="b">Snehavardhana Pabliśiṅga Hāūsa,</marc:subfield>
            <marc:subfield code="c">2000.</marc:subfield>
         </marc:datafield>
         <marc:datafield tag="300" ind1=" " ind2=" ">
            <marc:subfield code="a">238 p. ;</marc:subfield>
            <marc:subfield code="c">23 cm.</marc:subfield>
         </marc:datafield>
         <marc:datafield tag="546" ind1=" " ind2=" ">
            <marc:subfield code="a">In Marathi.</marc:subfield>
         </marc:datafield>
         <marc:datafield tag="520" ind1=" " ind2=" ">
            <marc:subfield code="a">Study on Dalit theater and drama; with particular reference to Marathi.</marc:subfield>
         </marc:datafield>
         <marc:datafield tag="504" ind1=" " ind2=" ">
            <marc:subfield code="a">Includes bibliographical references (p. 223-229).</marc:subfield>
         </marc:datafield>
         <marc:datafield tag="650" ind1=" " ind2="0">
            <marc:subfield code="a">Theater</marc:subfield>
            <marc:subfield code="z">India</marc:subfield>
            <marc:subfield code="z">Maharashtra.</marc:subfield>
         </marc:datafield>
         <marc:datafield tag="650" ind1=" " ind2="0">
            <marc:subfield code="a">Marathi drama</marc:subfield>
            <marc:subfield code="y">20th century</marc:subfield>
            <marc:subfield code="x">History and criticism.</marc:subfield>
         </marc:datafield>
         <marc:datafield tag="650" ind1=" " ind2="0">
            <marc:subfield code="a">Dalits in literature.</marc:subfield>
         </marc:datafield>
         <marc:datafield tag="998" ind1=" " ind2=" ">
            <marc:subfield code="s">9110</marc:subfield>
         </marc:datafield>
      </marc:record>