
   </integ:BIB_ID>
   <integ:BIB_ID id="3000060" self="true">
      <marc:record xmlns:marc="http://www.loc.gov/MARC21/slim">
         <marc:controlfield tag="001">3000060</marc:controlfield>
         <marc:controlfield tag="005">20010524141523.0</marc:controlfield>
         <marc:controlfield tag="008">910307s1985    ii            000 0 mal u</marc:controlfield>
         <marc:datafield tag="010" ind1=" " ind2=" ">
            <marc:subfield code="a">   88900927 </marc:subfield>
         </marc:datafield>
         <marc:datafield tag="020" ind1=" " ind2=" ">
            <marc:subfield code="c">Rs25.00</marc:subfield>
         </marc:datafield>
         <marc:datafield tag="025" ind1=" " ind2=" ">
            <marc:subfield code="a">I Mal 5515</marc:subfield>
         </marc:datafield>
         <marc:datafield tag="035" ind1=" " ind2=" ">
            <marc:subfield code="a">(CStRLIN)ILCGHZ1139103-B</marc:subfield>
         </marc:datafield>
         <marc:datafield tag="040" ind1=" " ind2=" ">
            <marc:subfield code="a">DLC</marc:subfield>
            <marc:subfield code="c">DLC</marc:subfield>
            <marc:subfield code="d">CStRLIN</marc:subfield>
         </marc:datafield>
         <marc:datafield tag="041" ind1="0" ind2=" ">
            <marc:subfield code="a">mal</marc:subfield>
         </marc:datafield>
         <marc:datafield tag="050" ind1="0" ind2=" ">
            <marc:subfield code="a">PN1997</marc:subfield>
            <marc:subfield code="b">M814 1985</marc:subfield>
         </marc:datafield>
         <marc:datafield tag="100" ind1="1" ind2=" ">
            <marc:subfield code="a">Gopalakrishnan, Adoor,</marc:subfield>
            <marc:subfield code="d">1941-</marc:subfield>
         </marc:datafield>
         <marc:datafield tag="245" ind1="1" ind2="0">
            <marc:subfield code="a">Mukhāmukhaṃ /</marc:subfield>
            <marc:subfield code="c">Aṭūr Gōpālakr̥ṣṇan.</marc:subfield>
         </marc:datafield>
         <marc:datafield tag="260" ind1=" " ind2=" ">
            <marc:subfield code="a">Kōṭṭayaṃ :</marc:subfield>
            <marc:subfield code="b">Ḍi. Si. Buks :</marc:subfield>
            <marc:subfield code="b">Distributors, Current Books,</marc:subfield>
            <marc:subfield code="c">1985.</marc:subfield>
         </marc:datafield>
         <marc:datafield tag="300" ind1=" " ind2=" ">
            <marc:subfield code="a">xii, 132 p., [8] p. of plates :</marc:subfield>
            <marc:subfield code="b">ill. ;</marc:subfield>
            <marc:subfield code="c">22 cm.</marc:subfield>
         </marc:datafield>
         <marc:datafield tag="500" ind1=" " ind2=" ">
            <marc:subfield code="a">Screenplay.</marc:subfield>
         </marc:datafield>
         <marc:datafield tag="500" ind1=" " ind2=" ">
            <marc:subfield code="a">In Malayalam.</marc:subfield>
         </marc:datafield>
         <marc:datafield tag="500" ind1=" " ind2=" ">
            <marc:subfield code="a">"Ēt̲t̲avuṃ mikacca tirakkathaykkuḷḷa dēśīya avārḍu labhicca kr̥ti"--Half t.p.</marc:subfield>
         </marc:datafield>
         <marc:datafield tag="630" ind1="0" ind2="0">
            <marc:subfield code="a">Mukhāmukhaṃ (Motion picture)</marc:subfield>
         </marc:datafield>
         <marc:datafield tag="998" ind1=" " ind2=" ">
            <marc:subfield code="s">9115</marc:subfield>
         </marc:datafield>
      </marc:record>