
   </integ:BIB_ID>
   <integ:BIB_ID id="3000061" self="true">
      <marc:record xmlns:marc="http://www.loc.gov/MARC21/slim">
         <marc:controlfield tag="001">3000061</marc:controlfield>
         <marc:controlfield tag="005">20060912143931.0</marc:controlfield>
         <marc:controlfield tag="008">940509s1835    ru            000 0 mnc d</marc:controlfield>
         <marc:datafield tag="041" ind1="1" ind2=" ">
            <marc:subfield code="a">mnc</marc:subfield>
            <marc:subfield code="h">grc</marc:subfield>
         </marc:datafield>
         <marc:datafield tag="050" ind1=" " ind2="4">
            <marc:subfield code="a">BS315</marc:subfield>
            <marc:subfield code="b">.M36 1835</marc:subfield>
         </marc:datafield>
         <marc:datafield tag="130" ind1="0" ind2=" ">
            <marc:subfield code="a">Bible.</marc:subfield>
            <marc:subfield code="p">N.T.</marc:subfield>
            <marc:subfield code="l">Manchu.</marc:subfield>
         </marc:datafield>
         <marc:datafield tag="245" ind1="1" ind2="4">
            <marc:subfield code="a">[The New Testament /</marc:subfield>
            <marc:subfield code="c">translated by S. Lipovtsov.]</marc:subfield>
         </marc:datafield>
         <marc:datafield tag="246" ind1="1" ind2="0">
            <marc:subfield code="a">Ejan eisos keristos ...</marc:subfield>
         </marc:datafield>
         <marc:datafield tag="260" ind1=" " ind2=" ">
            <marc:subfield code="a">[St. Petersburg :</marc:subfield>
            <marc:subfield code="b">British and Foreign Bible Society,</marc:subfield>
            <marc:subfield code="c">1835]</marc:subfield>
         </marc:datafield>
         <marc:datafield tag="300" ind1=" " ind2=" ">
            <marc:subfield code="a">8 v. ;</marc:subfield>
            <marc:subfield code="c">27 cm.</marc:subfield>
         </marc:datafield>
         <marc:datafield tag="546" ind1=" " ind2=" ">
            <marc:subfield code="a">In Manchu.</marc:subfield>
         </marc:datafield>
         <marc:datafield tag="500" ind1=" " ind2=" ">
            <marc:subfield code="a">In Uighur script.</marc:subfield>
         </marc:datafield>
         <marc:datafield tag="650" ind1=" " ind2="4">
            <marc:subfield code="a">CHR 1835</marc:subfield>
         </marc:datafield>
         <marc:datafield tag="650" ind1=" " ind2="4">
            <marc:subfield code="a">PRO Evans, Thomas Wiltberger, 1823-1897 (donor)</marc:subfield>
         </marc:datafield>
         <marc:datafield tag="700" ind1="1" ind2=" ">
            <marc:subfield code="a">Lipovtsov, S.</marc:subfield>
         </marc:datafield>
         <marc:datafield tag="710" ind1="2" ind2=" ">
            <marc:subfield code="a">Evans Bible Collection (University of Pennsylvania)</marc:subfield>
            <marc:subfield code="5">PU</marc:subfield>
         </marc:datafield>
      </marc:record>