
   </integ:BIB_ID>
   <integ:BIB_ID id="3000071" self="true">
      <marc:record xmlns:marc="http://www.loc.gov/MARC21/slim">
         <marc:controlfield tag="001">3000071</marc:controlfield>
         <marc:controlfield tag="005">20071127095802.0</marc:controlfield>
         <marc:controlfield tag="008">001130s2001    ilu      b    001 0 eng  </marc:controlfield>
         <marc:datafield tag="010" ind1=" " ind2=" ">
            <marc:subfield code="a">00067646</marc:subfield>
         </marc:datafield>
         <marc:datafield tag="035" ind1=" " ind2=" ">
            <marc:subfield code="a">(OCoLC)ocm45505938</marc:subfield>
         </marc:datafield>
         <marc:datafield tag="040" ind1=" " ind2=" ">
            <marc:subfield code="a">DLC</marc:subfield>
            <marc:subfield code="c">DLC</marc:subfield>
            <marc:subfield code="d">JBO</marc:subfield>
            <marc:subfield code="d">C#P</marc:subfield>
         </marc:datafield>
         <marc:datafield tag="020" ind1=" " ind2=" ">
            <marc:subfield code="a">0838935109 (alk. paper)</marc:subfield>
         </marc:datafield>
         <marc:datafield tag="043" ind1=" " ind2=" ">
            <marc:subfield code="a">n-us---</marc:subfield>
         </marc:datafield>
         <marc:datafield tag="050" ind1="0" ind2="0">
            <marc:subfield code="a">Z692.E43</marc:subfield>
            <marc:subfield code="b">M36 2001</marc:subfield>
         </marc:datafield>
         <marc:datafield tag="082" ind1="0" ind2="0">
            <marc:subfield code="a">025.17/4</marc:subfield>
            <marc:subfield code="2">21</marc:subfield>
         </marc:datafield>
         <marc:datafield tag="049" ind1=" " ind2=" ">
            <marc:subfield code="a">PAUU</marc:subfield>
         </marc:datafield>
         <marc:datafield tag="245" ind1="0" ind2="0">
            <marc:subfield code="a">Managing electronic serials :</marc:subfield>
            <marc:subfield code="b">essays based on the ALCTS electronic serials institutes, 1997-1999 /</marc:subfield>
            <marc:subfield code="c">Pamela Bluh, editor, for the Serials Section of the Association for Library Collections &amp; Technical Services.</marc:subfield>
         </marc:datafield>
         <marc:datafield tag="260" ind1=" " ind2=" ">
            <marc:subfield code="a">Chicago :</marc:subfield>
            <marc:subfield code="b">American Library Association,</marc:subfield>
            <marc:subfield code="c">2001.</marc:subfield>
         </marc:datafield>
         <marc:datafield tag="300" ind1=" " ind2=" ">
            <marc:subfield code="a">xiii, 189 p. ;</marc:subfield>
            <marc:subfield code="c">23 cm.</marc:subfield>
         </marc:datafield>
         <marc:datafield tag="440" ind1=" " ind2="0">
            <marc:subfield code="a">ALCTS papers on library technical services &amp; collections ;</marc:subfield>
            <marc:subfield code="v">no. 9</marc:subfield>
         </marc:datafield>
         <marc:datafield tag="504" ind1=" " ind2=" ">
            <marc:subfield code="a">Includes bibliographical references (p. 165-173) and index.</marc:subfield>
         </marc:datafield>
         <marc:datafield tag="650" ind1=" " ind2="0">
            <marc:subfield code="a">Libraries</marc:subfield>
            <marc:subfield code="z">United States</marc:subfield>
            <marc:subfield code="x">Special collections</marc:subfield>
            <marc:subfield code="x">Electronic journals.</marc:subfield>
         </marc:datafield>
         <marc:datafield tag="700" ind1="1" ind2=" ">
            <marc:subfield code="a">Bluh, Pamela M.</marc:subfield>
         </marc:datafield>
         <marc:datafield tag="710" ind1="2" ind2=" ">
            <marc:subfield code="a">Association for Library Collections &amp; Technical Services.</marc:subfield>
            <marc:subfield code="b">Serials Section.</marc:subfield>
         </marc:datafield>
         <marc:datafield tag="994" ind1=" " ind2=" ">
            <marc:subfield code="a">E0</marc:subfield>
            <marc:subfield code="b">PAU</marc:subfield>
         </marc:datafield>
      </marc:record>