
   </integ:BIB_ID>
   <integ:BIB_ID id="3000072" self="true">
      <marc:record xmlns:marc="http://www.loc.gov/MARC21/slim">
         <marc:controlfield tag="001">3000072</marc:controlfield>
         <marc:controlfield tag="005">20010524143157.0</marc:controlfield>
         <marc:controlfield tag="008">910307s1987    ii            000 0 mal u</marc:controlfield>
         <marc:datafield tag="010" ind1=" " ind2=" ">
            <marc:subfield code="a">   88900860 </marc:subfield>
         </marc:datafield>
         <marc:datafield tag="020" ind1=" " ind2=" ">
            <marc:subfield code="c">Rs15.00</marc:subfield>
         </marc:datafield>
         <marc:datafield tag="025" ind1=" " ind2=" ">
            <marc:subfield code="a">I Mal 5505</marc:subfield>
         </marc:datafield>
         <marc:datafield tag="035" ind1=" " ind2=" ">
            <marc:subfield code="a">(CStRLIN)ILCGHZ1139104-B</marc:subfield>
         </marc:datafield>
         <marc:datafield tag="040" ind1=" " ind2=" ">
            <marc:subfield code="a">DLC</marc:subfield>
            <marc:subfield code="c">DLC</marc:subfield>
            <marc:subfield code="d">ICU</marc:subfield>
            <marc:subfield code="d">CStRLIN</marc:subfield>
         </marc:datafield>
         <marc:datafield tag="041" ind1="1" ind2=" ">
            <marc:subfield code="a">malsan</marc:subfield>
         </marc:datafield>
         <marc:datafield tag="050" ind1="0" ind2=" ">
            <marc:subfield code="a">BF1714.H5</marc:subfield>
            <marc:subfield code="b">P693 1987</marc:subfield>
         </marc:datafield>
         <marc:datafield tag="130" ind1="0" ind2=" ">
            <marc:subfield code="a">Praśnamārga.</marc:subfield>
            <marc:subfield code="l">Malayalam.</marc:subfield>
         </marc:datafield>
         <marc:datafield tag="245" ind1="1" ind2="0">
            <marc:subfield code="a">Praśnarīti /</marc:subfield>
            <marc:subfield code="c">Ke. Nīlakanṭhanāśāri avarkaḷāl pariśōdhikkappeṭṭatȧ.</marc:subfield>
         </marc:datafield>
         <marc:datafield tag="250" ind1=" " ind2=" ">
            <marc:subfield code="a">8. patippu.</marc:subfield>
         </marc:datafield>
         <marc:datafield tag="260" ind1=" " ind2=" ">
            <marc:subfield code="a">Kollaṃ :</marc:subfield>
            <marc:subfield code="b">Es. T̲t̲i. R̲eḍyār,</marc:subfield>
            <marc:subfield code="c">1987.</marc:subfield>
         </marc:datafield>
         <marc:datafield tag="300" ind1=" " ind2=" ">
            <marc:subfield code="a">ii, 103 p. ;</marc:subfield>
            <marc:subfield code="c">23 cm.</marc:subfield>
         </marc:datafield>
         <marc:datafield tag="500" ind1=" " ind2=" ">
            <marc:subfield code="a">In Malayalam.</marc:subfield>
         </marc:datafield>
         <marc:datafield tag="500" ind1=" " ind2=" ">
            <marc:subfield code="a">Translation of: Praśnamārga.</marc:subfield>
         </marc:datafield>
         <marc:datafield tag="520" ind1=" " ind2=" ">
            <marc:subfield code="a">Anonymous verse translation of an anonymous Sanskrit verse work on the Hindu approach to predictive astrology.</marc:subfield>
         </marc:datafield>
         <marc:datafield tag="650" ind1=" " ind2="0">
            <marc:subfield code="a">Hindu astrology</marc:subfield>
         </marc:datafield>
         <marc:datafield tag="700" ind1="1" ind2=" ">
            <marc:subfield code="a">Nīlakanṭhanāśāri, Ke.</marc:subfield>
         </marc:datafield>
         <marc:datafield tag="998" ind1=" " ind2=" ">
            <marc:subfield code="s">9115</marc:subfield>
         </marc:datafield>
      </marc:record>