
   </integ:BIB_ID>
   <integ:BIB_ID id="3000079" self="true">
      <marc:record xmlns:marc="http://www.loc.gov/MARC21/slim">
         <marc:controlfield tag="001">3000079</marc:controlfield>
         <marc:controlfield tag="005">20010524143914.0</marc:controlfield>
         <marc:controlfield tag="008">000207s1999    ii       b    001 0 malo </marc:controlfield>
         <marc:datafield tag="010" ind1=" " ind2=" ">
            <marc:subfield code="a">   99947582 </marc:subfield>
         </marc:datafield>
         <marc:datafield tag="020" ind1=" " ind2=" ">
            <marc:subfield code="a">8171309615</marc:subfield>
         </marc:datafield>
         <marc:datafield tag="025" ind1=" " ind2=" ">
            <marc:subfield code="a">I-Mal-99-947582; 012</marc:subfield>
         </marc:datafield>
         <marc:datafield tag="035" ind1=" " ind2=" ">
            <marc:subfield code="a">(CStRLIN)DCLC99947582-B</marc:subfield>
         </marc:datafield>
         <marc:datafield tag="037" ind1=" " ind2=" ">
            <marc:subfield code="b">Library of Congress -- New Delhi Field Office</marc:subfield>
            <marc:subfield code="c">Rs90.00</marc:subfield>
         </marc:datafield>
         <marc:datafield tag="040" ind1=" " ind2=" ">
            <marc:subfield code="a">DLC</marc:subfield>
            <marc:subfield code="c">DLC</marc:subfield>
            <marc:subfield code="d">CStRLIN</marc:subfield>
         </marc:datafield>
         <marc:datafield tag="042" ind1=" " ind2=" ">
            <marc:subfield code="a">lcode</marc:subfield>
         </marc:datafield>
         <marc:datafield tag="043" ind1=" " ind2=" ">
            <marc:subfield code="a">a-ii---</marc:subfield>
         </marc:datafield>
         <marc:datafield tag="050" ind1="0" ind2="0">
            <marc:subfield code="a">PL4718.4</marc:subfield>
            <marc:subfield code="b">.R36 1999</marc:subfield>
         </marc:datafield>
         <marc:datafield tag="100" ind1="1" ind2=" ">
            <marc:subfield code="a">Rājaśēkharan, Pi. Ke.,</marc:subfield>
            <marc:subfield code="d">1916-</marc:subfield>
         </marc:datafield>
         <marc:datafield tag="245" ind1="1" ind2="0">
            <marc:subfield code="a">Andhanāya daivaṃ :</marc:subfield>
            <marc:subfield code="b">Malayāḷanōvalint̲e 100 varṣaṅṅaḷ : paṭhanaṃ /</marc:subfield>
            <marc:subfield code="c">Pi. Ke. Rājaśēkharan.</marc:subfield>
         </marc:datafield>
         <marc:datafield tag="260" ind1=" " ind2=" ">
            <marc:subfield code="a">Kottayam :</marc:subfield>
            <marc:subfield code="b">Ḍi. Si. Buks :</marc:subfield>
            <marc:subfield code="b">Distributors, Current Books,</marc:subfield>
            <marc:subfield code="c">1999.</marc:subfield>
         </marc:datafield>
         <marc:datafield tag="300" ind1=" " ind2=" ">
            <marc:subfield code="a">256 p. ;</marc:subfield>
            <marc:subfield code="c">22 cm.</marc:subfield>
         </marc:datafield>
         <marc:datafield tag="440" ind1=" " ind2="0">
            <marc:subfield code="a">Rajatajūbili granthāvali ;</marc:subfield>
            <marc:subfield code="v">25</marc:subfield>
         </marc:datafield>
         <marc:datafield tag="546" ind1=" " ind2=" ">
            <marc:subfield code="a">In Malayalam.</marc:subfield>
         </marc:datafield>
         <marc:datafield tag="520" ind1=" " ind2=" ">
            <marc:subfield code="a">On the growth of Malayalam novel in the past 100 years.</marc:subfield>
         </marc:datafield>
         <marc:datafield tag="504" ind1=" " ind2=" ">
            <marc:subfield code="a">Includes bibliographical references (p. 244-246) and index.</marc:subfield>
         </marc:datafield>
         <marc:datafield tag="650" ind1=" " ind2="0">
            <marc:subfield code="a">Malayalam fiction</marc:subfield>
            <marc:subfield code="x">History and criticism.</marc:subfield>
         </marc:datafield>
         <marc:datafield tag="998" ind1=" " ind2=" ">
            <marc:subfield code="s">9110</marc:subfield>
         </marc:datafield>
      </marc:record>