
   </integ:BIB_ID>
   <integ:BIB_ID id="3000080" self="true">
      <marc:record xmlns:marc="http://www.loc.gov/MARC21/slim">
         <marc:controlfield tag="001">3000080</marc:controlfield>
         <marc:controlfield tag="005">20010524144146.0</marc:controlfield>
         <marc:controlfield tag="008">000313s1999||||ii |||| ||||||||| ||guj| </marc:controlfield>
         <marc:datafield tag="010" ind1=" " ind2=" ">
            <marc:subfield code="a">   99955661 </marc:subfield>
         </marc:datafield>
         <marc:datafield tag="025" ind1=" " ind2=" ">
            <marc:subfield code="a">I-Gu-99-955661; 010</marc:subfield>
         </marc:datafield>
         <marc:datafield tag="035" ind1=" " ind2=" ">
            <marc:subfield code="a">(CStRLIN)DCLC99955661-B</marc:subfield>
         </marc:datafield>
         <marc:datafield tag="037" ind1=" " ind2=" ">
            <marc:subfield code="b">Library of Congress -- New Delhi Field Office</marc:subfield>
            <marc:subfield code="c">Rs200.00</marc:subfield>
         </marc:datafield>
         <marc:datafield tag="040" ind1=" " ind2=" ">
            <marc:subfield code="a">DLC</marc:subfield>
            <marc:subfield code="c">DLC</marc:subfield>
            <marc:subfield code="d">CStRLIN</marc:subfield>
         </marc:datafield>
         <marc:datafield tag="042" ind1=" " ind2=" ">
            <marc:subfield code="a">lcode</marc:subfield>
         </marc:datafield>
         <marc:datafield tag="050" ind1="0" ind2="0">
            <marc:subfield code="a">MLCSA 2001/00598</marc:subfield>
            <marc:subfield code="a">PK1859</marc:subfield>
         </marc:datafield>
         <marc:datafield tag="090" ind1="0" ind2="0">
            <marc:subfield code="a">PK1859.J67</marc:subfield>
            <marc:subfield code="b">.M67 1999</marc:subfield>
         </marc:datafield>
         <marc:datafield tag="100" ind1="1" ind2=" ">
            <marc:subfield code="a">Jośī, Vinoda.</marc:subfield>
         </marc:datafield>
         <marc:datafield tag="245" ind1="1" ind2="0">
            <marc:subfield code="a">Morapiccha /</marc:subfield>
            <marc:subfield code="c">Vinoda Jośī.</marc:subfield>
         </marc:datafield>
         <marc:datafield tag="250" ind1=" " ind2=" ">
            <marc:subfield code="a">1. āvr̥tti.</marc:subfield>
         </marc:datafield>
         <marc:datafield tag="260" ind1=" " ind2=" ">
            <marc:subfield code="a">Amadāvāda :</marc:subfield>
            <marc:subfield code="b">Pārśva Pablikeśana,</marc:subfield>
            <marc:subfield code="c">1999.</marc:subfield>
         </marc:datafield>
         <marc:datafield tag="300" ind1=" " ind2=" ">
            <marc:subfield code="a">361 p. ;</marc:subfield>
            <marc:subfield code="c">22 cm.</marc:subfield>
         </marc:datafield>
         <marc:datafield tag="500" ind1=" " ind2=" ">
            <marc:subfield code="a">Novel.</marc:subfield>
         </marc:datafield>
         <marc:datafield tag="546" ind1=" " ind2=" ">
            <marc:subfield code="a">In Gujarati.</marc:subfield>
         </marc:datafield>
         <marc:datafield tag="998" ind1=" " ind2=" ">
            <marc:subfield code="s">9550</marc:subfield>
         </marc:datafield>
      </marc:record>