
   </integ:BIB_ID>
   <integ:BIB_ID id="3000081" self="true">
      <marc:record xmlns:marc="http://www.loc.gov/MARC21/slim">
         <marc:controlfield tag="001">3000081</marc:controlfield>
         <marc:controlfield tag="005">20010524144241.0</marc:controlfield>
         <marc:controlfield tag="008">010524 2000    xx                  eng  </marc:controlfield>
         <marc:datafield tag="245" ind1="1" ind2="0">
            <marc:subfield code="a">Readings</marc:subfield>
         </marc:datafield>
      </marc:record>