
   </integ:BIB_ID>
   <integ:BIB_ID id="3000084" self="true">
      <marc:record xmlns:marc="http://www.loc.gov/MARC21/slim">
         <marc:controlfield tag="001">3000084</marc:controlfield>
         <marc:controlfield tag="005">20010524144739.0</marc:controlfield>
         <marc:controlfield tag="008">010327s1999    ii       b    000 0 tam  </marc:controlfield>
         <marc:datafield tag="010" ind1=" " ind2=" ">
            <marc:subfield code="a">   99946831 </marc:subfield>
         </marc:datafield>
         <marc:datafield tag="025" ind1=" " ind2=" ">
            <marc:subfield code="a">I-T-99-946831; 012</marc:subfield>
         </marc:datafield>
         <marc:datafield tag="035" ind1=" " ind2=" ">
            <marc:subfield code="a">(CU)GLAD51036550</marc:subfield>
         </marc:datafield>
         <marc:datafield tag="035" ind1=" " ind2=" ">
            <marc:subfield code="a">(CStRLIN)CUBGGLAD51036550-B</marc:subfield>
         </marc:datafield>
         <marc:datafield tag="037" ind1=" " ind2=" ">
            <marc:subfield code="a"/>
            <marc:subfield code="b">Library of Congress -- New Delhi Field Office</marc:subfield>
            <marc:subfield code="c">Rs30.00</marc:subfield>
         </marc:datafield>
         <marc:datafield tag="040" ind1=" " ind2=" ">
            <marc:subfield code="a">DLC</marc:subfield>
            <marc:subfield code="c">DLC</marc:subfield>
            <marc:subfield code="d">CU</marc:subfield>
         </marc:datafield>
         <marc:datafield tag="042" ind1=" " ind2=" ">
            <marc:subfield code="a">lcode</marc:subfield>
         </marc:datafield>
         <marc:datafield tag="050" ind1="0" ind2="0">
            <marc:subfield code="a">PL4758.9.K27 (XL:.xZ5-999)+</marc:subfield>
         </marc:datafield>
         <marc:datafield tag="100" ind1="1" ind2=" ">
            <marc:subfield code="a">Ar̲ivunampi, A.</marc:subfield>
         </marc:datafield>
         <marc:datafield tag="245" ind1="1" ind2="0">
            <marc:subfield code="a">Kampar kāṭṭum Maḷḷar māṇpu /</marc:subfield>
            <marc:subfield code="c">A. Ar̲ivunampi.</marc:subfield>
         </marc:datafield>
         <marc:datafield tag="250" ind1=" " ind2=" ">
            <marc:subfield code="a">1. patippu.</marc:subfield>
         </marc:datafield>
         <marc:datafield tag="260" ind1=" " ind2=" ">
            <marc:subfield code="a">Kōyamuttūr :</marc:subfield>
            <marc:subfield code="b">Tamil̲ar Paṇpāṭu Camūka Āyvu Man̲r̲am,</marc:subfield>
            <marc:subfield code="c">1999.</marc:subfield>
         </marc:datafield>
         <marc:datafield tag="300" ind1=" " ind2=" ">
            <marc:subfield code="a">104 p. ;</marc:subfield>
            <marc:subfield code="c">23 cm.</marc:subfield>
         </marc:datafield>
         <marc:datafield tag="504" ind1=" " ind2=" ">
            <marc:subfield code="a">Includes bibliographical references.</marc:subfield>
         </marc:datafield>
         <marc:datafield tag="520" ind1=" " ind2=" ">
            <marc:subfield code="a">Study of the tradition of Pallars, a caste in Tamil Nadu, from the works of Kampar, 9th century Tamil poet.</marc:subfield>
         </marc:datafield>
         <marc:datafield tag="546" ind1=" " ind2=" ">
            <marc:subfield code="a">In Tamil.</marc:subfield>
         </marc:datafield>
         <marc:datafield tag="600" ind1="0" ind2="0">
            <marc:subfield code="a">Kampar,</marc:subfield>
            <marc:subfield code="d">9th cent.</marc:subfield>
            <marc:subfield code="x">Views on Pallars.</marc:subfield>
         </marc:datafield>
         <marc:datafield tag="650" ind1=" " ind2="0">
            <marc:subfield code="a">Pallars in literature.</marc:subfield>
         </marc:datafield>
         <marc:datafield tag="710" ind1="2" ind2=" ">
            <marc:subfield code="a">Tamil̲ar Paṇpāṭu Camūka Āyvu Man̲r̲am.</marc:subfield>
         </marc:datafield>
         <marc:datafield tag="998" ind1=" " ind2=" ">
            <marc:subfield code="s">9115</marc:subfield>
         </marc:datafield>
         <marc:datafield tag="950" ind1=" " ind2=" ">
            <marc:subfield code="a">PL4758.9.K27</marc:subfield>
            <marc:subfield code="b">Z585 1999</marc:subfield>
         </marc:datafield>
      </marc:record>