
   </integ:BIB_ID>
   <integ:BIB_ID id="3000088" self="true">
      <marc:record xmlns:marc="http://www.loc.gov/MARC21/slim">
         <marc:controlfield tag="001">3000088</marc:controlfield>
         <marc:controlfield tag="005">20010524145454.0</marc:controlfield>
         <marc:controlfield tag="008">000228s1999||||ii |||| ||||||||| ||guj| </marc:controlfield>
         <marc:datafield tag="010" ind1=" " ind2=" ">
            <marc:subfield code="a">   99955675 </marc:subfield>
         </marc:datafield>
         <marc:datafield tag="025" ind1=" " ind2=" ">
            <marc:subfield code="a">I-Gu-99-955675; 010</marc:subfield>
         </marc:datafield>
         <marc:datafield tag="035" ind1=" " ind2=" ">
            <marc:subfield code="a">(CStRLIN)DCLC99955675-B</marc:subfield>
         </marc:datafield>
         <marc:datafield tag="037" ind1=" " ind2=" ">
            <marc:subfield code="b">Library of Congress -- New Delhi Field Office</marc:subfield>
            <marc:subfield code="c">Rs150.00</marc:subfield>
         </marc:datafield>
         <marc:datafield tag="040" ind1=" " ind2=" ">
            <marc:subfield code="a">DLC</marc:subfield>
            <marc:subfield code="c">DLC</marc:subfield>
            <marc:subfield code="d">CStRLIN</marc:subfield>
         </marc:datafield>
         <marc:datafield tag="042" ind1=" " ind2=" ">
            <marc:subfield code="a">lcode</marc:subfield>
         </marc:datafield>
         <marc:datafield tag="050" ind1="0" ind2="0">
            <marc:subfield code="a">MLCSA 2001/00583</marc:subfield>
            <marc:subfield code="a">PK1859</marc:subfield>
         </marc:datafield>
         <marc:datafield tag="090" ind1="0" ind2="0">
            <marc:subfield code="a">PK1859.Y35</marc:subfield>
            <marc:subfield code="b">.Y84 1999</marc:subfield>
         </marc:datafield>
         <marc:datafield tag="100" ind1="1" ind2=" ">
            <marc:subfield code="a">Yājñika, Hasu.</marc:subfield>
         </marc:datafield>
         <marc:datafield tag="245" ind1="1" ind2="0">
            <marc:subfield code="a">Yugasandhi /</marc:subfield>
            <marc:subfield code="c">Hasu Yājñika.</marc:subfield>
         </marc:datafield>
         <marc:datafield tag="250" ind1=" " ind2=" ">
            <marc:subfield code="a">1. āvr̥tti.</marc:subfield>
         </marc:datafield>
         <marc:datafield tag="260" ind1=" " ind2=" ">
            <marc:subfield code="a">Amadāvāda :</marc:subfield>
            <marc:subfield code="b">Gūrjara Grantharatna Kāryālaya,</marc:subfield>
            <marc:subfield code="c">1999.</marc:subfield>
         </marc:datafield>
         <marc:datafield tag="300" ind1=" " ind2=" ">
            <marc:subfield code="a">6, 400 p. ;</marc:subfield>
            <marc:subfield code="c">19 cm.</marc:subfield>
         </marc:datafield>
         <marc:datafield tag="500" ind1=" " ind2=" ">
            <marc:subfield code="a">Novel.</marc:subfield>
         </marc:datafield>
         <marc:datafield tag="546" ind1=" " ind2=" ">
            <marc:subfield code="a">In Gujarati.</marc:subfield>
         </marc:datafield>
         <marc:datafield tag="998" ind1=" " ind2=" ">
            <marc:subfield code="s">9550</marc:subfield>
         </marc:datafield>
      </marc:record>