
   </integ:BIB_ID>
   <integ:BIB_ID id="3000090" self="true">
      <marc:record xmlns:marc="http://www.loc.gov/MARC21/slim">
         <marc:controlfield tag="001">3000090</marc:controlfield>
         <marc:controlfield tag="005">20071127095803.0</marc:controlfield>
         <marc:controlfield tag="008">851204s1990    ncua     b    000 0 eng d</marc:controlfield>
         <marc:datafield tag="035" ind1=" " ind2=" ">
            <marc:subfield code="a">(OCoLC)ocm27941217</marc:subfield>
         </marc:datafield>
         <marc:datafield tag="040" ind1=" " ind2=" ">
            <marc:subfield code="a">CGU</marc:subfield>
            <marc:subfield code="c">CGU</marc:subfield>
            <marc:subfield code="d">PU</marc:subfield>
         </marc:datafield>
         <marc:datafield tag="020" ind1=" " ind2=" ">
            <marc:subfield code="z">0898920493</marc:subfield>
         </marc:datafield>
         <marc:datafield tag="090" ind1=" " ind2=" ">
            <marc:subfield code="a">GN60</marc:subfield>
            <marc:subfield code="b">.W654 1990</marc:subfield>
         </marc:datafield>
         <marc:datafield tag="049" ind1=" " ind2=" ">
            <marc:subfield code="a">PAUU</marc:subfield>
         </marc:datafield>
         <marc:datafield tag="100" ind1="1" ind2=" ">
            <marc:subfield code="a">Wolfe, Linda D.,</marc:subfield>
            <marc:subfield code="d">1942-</marc:subfield>
         </marc:datafield>
         <marc:datafield tag="245" ind1="1" ind2="0">
            <marc:subfield code="a">Physical anthropology :</marc:subfield>
            <marc:subfield code="b">laboratory textbook /</marc:subfield>
            <marc:subfield code="c">Linda D. Wolfe, Leslie Sue Lieberman.</marc:subfield>
         </marc:datafield>
         <marc:datafield tag="250" ind1=" " ind2=" ">
            <marc:subfield code="a">3rd ed.</marc:subfield>
         </marc:datafield>
         <marc:datafield tag="260" ind1=" " ind2=" ">
            <marc:subfield code="a">Raleigh, N.C. :</marc:subfield>
            <marc:subfield code="b">Contemporary Publishing,</marc:subfield>
            <marc:subfield code="c">c1990.</marc:subfield>
         </marc:datafield>
         <marc:datafield tag="300" ind1=" " ind2=" ">
            <marc:subfield code="a">1 v. (various pagings) :</marc:subfield>
            <marc:subfield code="b">ill. ;</marc:subfield>
            <marc:subfield code="c">28 cm.</marc:subfield>
         </marc:datafield>
         <marc:datafield tag="500" ind1=" " ind2=" ">
            <marc:subfield code="a">"Combination textbook and workbook for laboratory classes in biological anthropology"--Preface.</marc:subfield>
         </marc:datafield>
         <marc:datafield tag="504" ind1=" " ind2=" ">
            <marc:subfield code="a">Includes bibliographical references.</marc:subfield>
         </marc:datafield>
         <marc:datafield tag="650" ind1=" " ind2="0">
            <marc:subfield code="a">Physical anthropology</marc:subfield>
            <marc:subfield code="x">Laboratory manuals.</marc:subfield>
         </marc:datafield>
         <marc:datafield tag="700" ind1="1" ind2=" ">
            <marc:subfield code="a">Lieberman, Leslie Sue.</marc:subfield>
         </marc:datafield>
         <marc:datafield tag="740" ind1="0" ind2="2">
            <marc:subfield code="a">Laboratory textbook, physical anthropology.</marc:subfield>
         </marc:datafield>
         <marc:datafield tag="994" ind1=" " ind2=" ">
            <marc:subfield code="a">E0</marc:subfield>
            <marc:subfield code="b">PAU</marc:subfield>
         </marc:datafield>
      </marc:record>