
   </integ:BIB_ID>
   <integ:BIB_ID id="3000091" self="true">
      <marc:record xmlns:marc="http://www.loc.gov/MARC21/slim">
         <marc:controlfield tag="001">3000091</marc:controlfield>
         <marc:controlfield tag="005">20010601145643.0</marc:controlfield>
         <marc:controlfield tag="008">910827s1992    txuab    b    000 0 eng  </marc:controlfield>
         <marc:datafield tag="010" ind1=" " ind2=" ">
            <marc:subfield code="a">   91000211 </marc:subfield>
         </marc:datafield>
         <marc:datafield tag="020" ind1=" " ind2=" ">
            <marc:subfield code="a">0030550572</marc:subfield>
         </marc:datafield>
         <marc:datafield tag="035" ind1=" " ind2=" ">
            <marc:subfield code="a">(CStRLIN)CUBGGLAD167779091-B</marc:subfield>
         </marc:datafield>
         <marc:datafield tag="040" ind1=" " ind2=" ">
            <marc:subfield code="a">DLC</marc:subfield>
            <marc:subfield code="c">DLC</marc:subfield>
            <marc:subfield code="d">CU</marc:subfield>
         </marc:datafield>
         <marc:datafield tag="043" ind1=" " ind2=" ">
            <marc:subfield code="a">n-mx---</marc:subfield>
         </marc:datafield>
         <marc:datafield tag="050" ind1="0" ind2="0">
            <marc:subfield code="a">F1221.Z3</marc:subfield>
            <marc:subfield code="b">C46 1992</marc:subfield>
         </marc:datafield>
         <marc:datafield tag="082" ind1="0" ind2="0">
            <marc:subfield code="a">306/.089976</marc:subfield>
            <marc:subfield code="2">20</marc:subfield>
         </marc:datafield>
         <marc:datafield tag="100" ind1="1" ind2=" ">
            <marc:subfield code="a">Chiñas, Beverly.</marc:subfield>
         </marc:datafield>
         <marc:datafield tag="245" ind1="1" ind2="4">
            <marc:subfield code="a">The Isthmus Zapotecs :</marc:subfield>
            <marc:subfield code="b">a matrifocal culture of Mexico /</marc:subfield>
            <marc:subfield code="c">Beverly Newbold Chiñas.</marc:subfield>
         </marc:datafield>
         <marc:datafield tag="250" ind1=" " ind2=" ">
            <marc:subfield code="a">2nd ed.</marc:subfield>
         </marc:datafield>
         <marc:datafield tag="260" ind1=" " ind2=" ">
            <marc:subfield code="a">Fort Worth :</marc:subfield>
            <marc:subfield code="b">Harcourt Brace Jovanovich College Publishers,</marc:subfield>
            <marc:subfield code="c">c1992.</marc:subfield>
         </marc:datafield>
         <marc:datafield tag="300" ind1=" " ind2=" ">
            <marc:subfield code="a">xxvi, 133 p. :</marc:subfield>
            <marc:subfield code="b">ill., map ;</marc:subfield>
            <marc:subfield code="c">24 cm.</marc:subfield>
         </marc:datafield>
         <marc:datafield tag="490" ind1="1" ind2=" ">
            <marc:subfield code="a">Case studies in cultural anthropology</marc:subfield>
         </marc:datafield>
         <marc:datafield tag="504" ind1=" " ind2=" ">
            <marc:subfield code="a">Includes bibliographical references (p. 129-133).</marc:subfield>
         </marc:datafield>
         <marc:datafield tag="650" ind1=" " ind2="0">
            <marc:subfield code="a">Zapotec Indians</marc:subfield>
            <marc:subfield code="x">Social life and customs.</marc:subfield>
         </marc:datafield>
         <marc:datafield tag="650" ind1=" " ind2="0">
            <marc:subfield code="a">Zapotec women.</marc:subfield>
         </marc:datafield>
         <marc:datafield tag="650" ind1=" " ind2="0">
            <marc:subfield code="a">Sex role</marc:subfield>
            <marc:subfield code="z">Mexico</marc:subfield>
            <marc:subfield code="z">Tehuantepec, Isthmus of.</marc:subfield>
         </marc:datafield>
         <marc:datafield tag="752" ind1=" " ind2=" ">
            <marc:subfield code="a">United States</marc:subfield>
            <marc:subfield code="b">Texas</marc:subfield>
            <marc:subfield code="d">Fort Worth</marc:subfield>
         </marc:datafield>
         <marc:datafield tag="830" ind1=" " ind2="0">
            <marc:subfield code="a">Case studies in cultural anthropology.</marc:subfield>
         </marc:datafield>
         <marc:datafield tag="998" ind1=" " ind2=" ">
            <marc:subfield code="s">9115</marc:subfield>
         </marc:datafield>
         <marc:datafield tag="950" ind1=" " ind2=" ">
            <marc:subfield code="a">F1221.Z3</marc:subfield>
            <marc:subfield code="b">C46 1992</marc:subfield>
         </marc:datafield>
      </marc:record>