
   </integ:BIB_ID>
   <integ:BIB_ID id="3000094" self="true">
      <marc:record xmlns:marc="http://www.loc.gov/MARC21/slim">
         <marc:controlfield tag="001">3000094</marc:controlfield>
         <marc:controlfield tag="005">20010601142457.0</marc:controlfield>
         <marc:controlfield tag="008">930923s1994    njua     b    000 0 eng d</marc:controlfield>
         <marc:datafield tag="020" ind1=" " ind2=" ">
            <marc:subfield code="a">0130148466</marc:subfield>
         </marc:datafield>
         <marc:datafield tag="035" ind1=" " ind2=" ">
            <marc:subfield code="a">(CStRLIN)NYCGAKU9277-B</marc:subfield>
         </marc:datafield>
         <marc:datafield tag="040" ind1=" " ind2=" ">
            <marc:subfield code="a">NED</marc:subfield>
            <marc:subfield code="c">NED</marc:subfield>
         </marc:datafield>
         <marc:datafield tag="100" ind1="1" ind2=" ">
            <marc:subfield code="a">Patterson, Thomas Carl.</marc:subfield>
         </marc:datafield>
         <marc:datafield tag="245" ind1="1" ind2="4">
            <marc:subfield code="a">The theory and practice of archaeology :</marc:subfield>
            <marc:subfield code="b">a workbook /</marc:subfield>
            <marc:subfield code="c">Thomas C. Patterson.</marc:subfield>
         </marc:datafield>
         <marc:datafield tag="250" ind1=" " ind2=" ">
            <marc:subfield code="a">2nd ed.</marc:subfield>
         </marc:datafield>
         <marc:datafield tag="260" ind1=" " ind2=" ">
            <marc:subfield code="a">Englewood Cliffs, N.J. :</marc:subfield>
            <marc:subfield code="b">Prentice-Hall,</marc:subfield>
            <marc:subfield code="c">c1994.</marc:subfield>
         </marc:datafield>
         <marc:datafield tag="300" ind1=" " ind2=" ">
            <marc:subfield code="a">xvii, 140 p. :</marc:subfield>
            <marc:subfield code="b">ill. ;</marc:subfield>
            <marc:subfield code="c">24 cm.</marc:subfield>
         </marc:datafield>
         <marc:datafield tag="504" ind1=" " ind2=" ">
            <marc:subfield code="a">Includes bibliographical references.</marc:subfield>
         </marc:datafield>
         <marc:datafield tag="650" ind1=" " ind2="0">
            <marc:subfield code="a">Archaeology</marc:subfield>
            <marc:subfield code="x">Methodology.</marc:subfield>
         </marc:datafield>
         <marc:datafield tag="998" ind1=" " ind2=" ">
            <marc:subfield code="s">9115</marc:subfield>
         </marc:datafield>
         <marc:datafield tag="950" ind1=" " ind2=" ">
            <marc:subfield code="a">CC76</marc:subfield>
            <marc:subfield code="b">.P37 1994g</marc:subfield>
         </marc:datafield>
         <marc:datafield tag="950" ind1=" " ind2=" ">
            <marc:subfield code="a">CC76</marc:subfield>
            <marc:subfield code="b">.P37 1994g</marc:subfield>
         </marc:datafield>
      </marc:record>
   </integ:BIB_ID>
</integ:root>